2774 4966
393 39 1340 284 H-

122 600 186 666 466
547 600 635 653 Briefe
652 599 699 653 des
717 598 741 653 J.
763 598 837 654 1514.

127 773 258 837 onibus!
304 772 366 837 Sed
392 773 468 854 quid
492 771 531 835 de
554 772 654 834 meis?
699 770 828 835 Utinam
858 772 1040 835 sacerdotes
1063 771 1130 834 suis
1153 774 1264 836 essent

126 860 256 923 decimis
289 859 446 922 contenti!
503 857 657 920 Videntur
691 858 815 920 miseris
849 857 982 938 paganis
1017 858 1070 919 vix
1104 857 1261 920 decimam

126 944 315 1026 relinquere.
361 944 428 1006 Hoc
452 950 559 1006 noster
582 943 733 1006 Hercules
762 942 856 1005 desus
888 963 949 1006 non
981 943 1150 1024 praecepit.
1198 942 1262 1006 Sed

126 1031 276 1105 ludimus,
301 1029 436 1093 Urbane.
483 1028 674 1104 Quomodo?
718 1028 873 1091 Ludimus
890 1029 928 1091 de
945 1029 1137 1109 patrimonio
1161 1028 1265 1092 nostri

126 1116 282 1191 Herculis,
310 1121 346 1178 ut
377 1115 428 1178 ille
455 1114 625 1177 factitabat
660 1115 807 1176 aedituus
835 1114 918 1195 apud
951 1114 1032 1193 Aug.
1062 1114 1101 1177 de
1130 1114 1265 1177 civitate

127 1202 177 1265 dei
200 1202 219 1264 l.
245 1200 283 1262 Vl
309 1223 355 1282 cp.
381 1200 445 1262 Vll.
493 1200 611 1261 Ponam
639 1200 737 1279 patris
761 1200 855 1282 hujus
878 1199 989 1262 verba:
1025 1197 1135 1278 „Unde
1165 1200 1264 1263 etiam

127 1287 205 1350 illud
229 1293 287 1363 est,
312 1287 397 1367 quod
422 1285 566 1347 Herculis
589 1285 736 1347 aedituus
760 1287 883 1348 otiosus
907 1290 1005 1366 atque
1028 1285 1161 1348 feriatus
1184 1284 1266 1348 lusit

128 1372 284 1436 tesseris·
308 1393 414 1434 secum
439 1376 574 1450 utraque
600 1392 694 1432 manu
719 1371 907 1443 alternante,
927 1372 957 1433 in
976 1392 1039 1434 una
1063 1370 1267 1434 constituens

128 1457 308 1530 Herculem,
338 1458 370 1519 in
399 1455 498 1518 altera
522 1479 555 1517 se
578 1456 681 1536 ipsum
707 1457 766 1518 sub
790 1479 827 1519 ea
851 1456 1043 1528 conditione,
1075 1460 1120 1528 ut,
1146 1457 1174 1518 si
1196 1456 1267 1538 ipse

130 1543 268 1619 vicisset,
293 1543 331 1604 de
354 1543 437 1623 stipe
460 1542 569 1622 templi
592 1542 653 1604 sibi
678 1562 788 1604 cenam
813 1546 937 1623 pararet
961 1542 1160 1622 amicamque
1188 1562 1266 1604 con-

130 1628 269 1702 duceret,
305 1629 353 1690 sin
388 1631 493 1690 autem
533 1628 666 1689 victoria
704 1627 847 1689 Herculis
882 1627 981 1703 lieret,
1015 1626 1076 1689 hoc
1107 1626 1191 1690 idem
1228 1626 1268 1690 de

130 1714 265 1797 pecunia
287 1735 346 1776 sua
370 1712 528 1793 voluptati
563 1711 709 1775 Herculis
742 1711 937 1775 exhiberet.“
986 1712 1089 1788 Vides,
1128 1711 1267 1786 Urbane,

133 1800 304 1862 versutiam
329 1799 476 1861 flaminis.
522 1797 575 1860 Sic
599 1798 694 1860 bodie
717 1799 885 1861 sacrificuli
909 1800 941 1862 in
966 1799 1115 1861 honorem
1134 1797 1267 1861 deorum

134 1892 259 1958 vocant,
284 1889 315 1946 et
338 1886 364 1946 si
388 1883 464 1965 quid
489 1883 551 1945 aris
582 1884 718 1946 offerunt
751 1884 902 1964 (offerunt
934 1890 1039 1948 autem
1064 1883 1209 1947 Cererem
1235 1892 1269 1947 et

132 1970 280 2034 Liberum
305 1971 323 2031 i.
349 1993 373 2031 e.
400 1991 511 2050 panem
537 1974 569 2030 et
592 1970 726 2046 vinum),
750 1971 810 2052 ipsi
836 1972 954 2033 esitant
978 1973 1010 2032 et
1032 1969 1143 2032 dicunt
1172 1969 1268 2032 deum

48 2061 49 2064 ’
133 2079 210 2119 esse.
260 2054 340 2136 „Sed
369 2055 439 2118 hic“
474 2055 593 2135 (inquit
624 2053 746 2130 Cicero)
774 2077 885 2136 „quern
910 2063 974 2117 tam
1006 2061 1165 2118 amentem
1200 2077 1271 2119 esse

132 2149 237 2224 putee,
271 2141 326 2222 qui
364 2141 452 2217 illud,
486 2162 549 2221 quo
584 2144 740 2210 vescatur,
776 2141 866 2204 deum
903 2142 1011 2205 credat
1043 2139 1169 2204 esse?“¹
1218 2141 1271 2204 ln-

133 2228 321 2309 telligisneb
344 2227 452 2291 ludum
476 2225 562 2289 hunc
587 2225 815 2289 Potitiorum?²
860 2227 1000 2291 Vincunt
1034 2248 1171 2309 semper3
1201 2228 1271 2292 sive

135 2314 217 2378 dant
239 2311 365 2376 Herculi
390 2312 538 2389 decimas,
562 2318 824 2394 pergraecantur3
849 2314 914 2377 sire
938 2313 1101 2396 accipiunt
1117 2312 1271 2391 decimas,

135 2400 222 2464 laute
253 2401 366 2462 vivunt
395 2406 427 2461 et
456 2399 617 2462 laetantur
647 2399 760 2472 securi,
792 2401 948 2463 immunes
975 2408 1007 2462 et
1037 2399 1137 2462 liberi.
1183 2399 1271 2464 Olim

136 2487 237 2550 victor
260 2485 411 2548 Hercules
434 2485 551 2558 leones,
575 2506 679 2566 apros,
702 2507 775 2547 aves
798 2490 931 2560 etrusca,
963 2507 1074 2548 saevos
1104 2490 1272 2567 tyrannos,

135 2572 233 2636 boves
257 2577 289 2635 et
313 2593 411 2652 equos
435 2571 607 2634 indomitos
631 2572 793 2641 mactavit,
818 2578 853 2633 ut
876 2571 1005 2634 tandem
1030 2571 1130 2652 ipsius
1148 2570 1272 2636 Pinarii

137 2661 169 2720 et
202 2658 316 2721 Potitii
354 2657 597 2721 luxuriarentur.
651 2656 711 2732 Qui
746 2655 815 2719 vult
851 2657 939 2720 dives
975 2658 1042 2719 lieri
1077 2663 1109 2720 et
1144 2657 1270 2733 beatus,

137 2743 242 2807 solvat
275 2742 402 2806 Herculi
436 2742 583 2818 decimae,
616 2743 636 2803 i.
669 2766 693 2806 9.
730 2741 857 2806 Christo
893 2743 1047 2807 libamina
1080 2743 1203 2817 offerat,
1240 2743 1273 2808 id

139 2830 223 2911 quod
263 2829 463 2910 peculiariter
499 2828 645 2891 offerenti
689 2828 822 2910 prolicit.
882 2828 962 2892 Nam
1003 2829 1080 2892 deus
1118 2829 1273 2893 Hercules

138 2938 241 2998 neque
265 2915 363 2978 esurit
387 2936 488 2996 neque
513 2914 590 2978 sitit.
636 2913 718 2976 Hinc
741 2936 817 2995 opes
840 2914 975 2993 Luculli,
1007 2915 1122 2987 Crassi,
1154 2913 1274 2997 Syllae,

139 3001 215 3065 hinc
238 3002 435 3084 pontificum,
459 3000 611 3064 abbatum
637 3004 669 3062 et
691 2999 823 3063 fratrum
854 3002 1008 3065 arvalium
1042 3001 1172 3064 divitiae
1205 3023 1273 3066 cre·

140 3093 263 3151 verunt.
322 3086 424 3151 Cacus
456 3088 500 3149 sit
533 3091 564 3150 et
598 3085 700 3149 malus
733 3086 921 3162 haereticus,
960 3087 1106 3169 quisquis
1146 3086 1275 3152 Herculi

138 3173 237 3237 boves
271 3173 476 3236 subtraxerit.
524 3172 694 3234 Ediverso
730 3172 873 3235 Evander
903 3175 945 3236 sit
976 3177 1007 3236 el
1030 3173 1101 3255 pius
1135 3172 1275 3250 Aeneae,

141 3261 287 3341 quisquis
310 3258 395 3322 hunc
418 3258 510 3321 deum
536 3258 664 3321 decimis
687 3259 856 3321 ornaverit.
903 3258 985 3322 Olim
1010 3257 1160 3322 Germani
1189 3264 1276 3323 teste

142 3344 253 3409 Tacito
278 3344 511 3407 venerabantur
530 3345 705 3407 Herculem.
745 3343 805 3406 Sed
824 3345 974 3425 qualem?
1013 3343 1087 3407 Tres
1105 3344 1275 3424 Diodorus,

144 3455 199 3496 sex
217 3431 327 3494 Cicero
351 3437 524 3494 enumerat.
570 3429 764 3492 Lactantius
775 3432 942 3494 confundit
959 3431 1108 3494 historias
1124 3437 1157 3494 et
1172 3453 1275 3495 unum

145 3523 242 3581 vexat
258 3516 432 3580 Herculem.
472 3515 573 3579 Multa
589 3515 754 3594 Vergilius,
773 3517 834 3578 irno
851 3519 954 3597 graeci
972 3523 1004 3579 et
1019 3517 1110 3580 latini
1127 3521 1278 3582 auctores

143 3603 279 3687 plurima
316 3602 462 3666 scribunt
497 3602 534 3665 de
571 3601 713 3664 Herculis
751 3601 923 3665 laboribus.
981 3601 1047 3666 Nos
1082 3602 1276 3668 brevitatem

143 3690 306 3772 sequimur
328 3693 359 3752 et
383 3694 508 3752 tantum
537 3688 678 3770 jucunda
709 3688 881 3768 signamus.
932 3687 1136 3767 „Hercules“,
1168 3689 1277 3770 inquit

143 3775 342 3851 Lactantius
368 3775 440 3856 „qui
464 3775 505 3838 ob
528 3775 678 3836 virtutem
706 3773 899 3836 clarissimus
924 3779 955 3835 et
978 3775 1070 3855 quasi
1106 3773 1279 3840 Africanus

144 3862 227 3924 inter
252 3861 328 3924 deos
351 3860 497 3929 babetur,
522 3883 626 3922 nonne
649 3859 756 3921 orbem
781 3866 890 3934 terrae,
916 3881 1008 3939 quem
1034 3881 1219 3941 peragrasse
1241 3885 1280 3926 ac

143 4033 209 4096 Nec
245 4033 367 4109 mirum,
403 4055 472 4094 curn
507 4038 589 4094 esset
623 4031 777 4094 adulterio
812 4032 939 4111 genitos
971 4031 1149 4093 rllcmene.“
1199 4031 1280 4096 Vide

143 4122 245 4182 toturn
272 4118 331 4182 hoo
354 4123 450 4199 caput
466 4117 516 4179 lx.
536 4116 588 4179 lib.
606 4116 630 4178 l.
648 4121 679 4178 et
696 4117 763 4197 lege
780 4119 912 4197 primam
930 4117 1034 4179 Plauti
1061 4116 1279 4182 comoediam'

212 4352 226 4379 e
240 4338 353 4390 tesseris.
425 4341 439 4376 b
453 4336 581 4403 Intelligis
600 4352 638 4388 ue.

216 4408 224 4438 ¹
242 4406 281 4458 De
300 4412 352 4457 nat.
372 4406 439 4457 door.
460 4405 506 4462 lll,
528 4408 566 4470 ld,
585 4406 625 4457 41.
663 4404 731 4458 suu
750 4405 791 4455 bic
811 4421 888 4471 quem
908 4403 979 4455 lesen
1000 4402 1047 4454 wir
1065 4419 1177 4469 ecquem
1202 4404 1281 4472 (eod.

145 4473 263 4542 Erlang.:
283 4474 430 4541 hecquem).
485 4473 634 4526 ¹·'Prieslerz
667 4474 715 4525 Ilio
734 4473 822 4525 Potitii
843 4473 895 4524 und
915 4471 1014 4523 Pinarii
1035 4471 1143 4523 beiden
1163 4471 1281 4526 Rdmeru

147 4558 234 4595 waren
264 4543 377 4595 Prinstor
403 4544 450 4595 dns
478 4541 615 4594 llerlrules.
657 4542 692 4594 M.
722 4542 854 4607 libortriigt
881 4541 923 4592 dio
950 4539 1137 4608 Bozoicbuuug
1163 4541 1210 4594 aul
1236 4541 1281 4595 die

147 4609 263 4665 Prioster
280 4613 327 4665 des
345 4611 515 4665 christliclron
534 4611 664 4665 Hortulcs
681 4611 768 4663 lesus.
840 4612 849 4641 ³
869 4609 1035 4677 Amphitruo.
