2774 4966
554 628 659 703 lintion
677 664 712 702 an
729 632 829 704 llrbub.
1189 649 1253 715 317

129 822 233 887 liciam
257 807 449 901 attribuant3
483 843 564 904 quae
586 845 662 886 sanc
684 823 843 886 vitiositas
877 820 978 886 lucem
1009 820 1124 884 rationi
1157 821 1251 902 eripit

129 914 163 974 et
185 907 224 971 ad
248 906 366 988 praelia
387 909 488 972 trudit
510 909 670 985 inermem,
686 909 771 972 unde
786 908 898 972 caedes
920 913 952 970 et
973 907 1104 971 vulnera
1118 911 1150 970 et
1167 907 1249 971 mille

130 994 328 1060 calamitates
358 993 499 1074 quotidie
529 995 727 1077 proveniunt.
772 993 926 1072 berlotbtn
955 995 1036 1066 buben
1066 1011 1145 1054 unsri
1175 1013 1200 1067 a.
1225 997 1249 1068 l.

130 1091 189 1158 pote
214 1084 349 1153 testitum]
372 1085 422 1141 aab
446 1086 495 1141 bus
519 1080 635 1160 unssebip
657 1079 807 1151 airinom
830 1081 878 1138 mit
901 1083 1060 1140 eruebant
1085 1079 1164 1156 strati
1190 1099 1251 1140 ucr-

129 1177 216 1247 putrn.
263 1163 362 1228 Credo
394 1171 426 1228 et
456 1166 594 1229 Duronio
628 1166 780 1228 traditum
816 1185 883 1226 esse
916 1166 1126 1246 pracceptum.
1171 1163 1249 1228 Mihi

130 1253 234 1336 placet
249 1251 431 1332 principalis
448 1273 594 1314 censura:
618 1272 677 1312 uun
697 1257 746 1311 bus
767 1250 870 1327 surpta
893 1253 987 1323 irrupt
1008 1269 1058 1318 m,
1073 1260 1087 1288 ²
1108 1251 1250 1328 utranam,

131 1342 182 1400 lirb
206 1345 255 1397 unc
280 1346 327 1410 put
348 1341 398 1396 snb
422 1339 461 1397 ist
482 1339 637 1409 sbtablidr.
683 1337 738 1414 bit
762 1341 860 1395 unbem
882 1336 985 1395 nouittt
1008 1339 1053 1412 but
1075 1337 1125 1396 urit
1147 1337 1251 1397 Cretas

129 1426 254 1484 ubtteunt
283 1424 330 1481 ruit
358 1422 431 1482 biset
463 1441 540 1483 unser
574 1421 757 1497 nutterlirbrn
791 1422 879 1500 sured]
914 1422 1061 1493 arianida.
1113 1421 1180 1481 wo
1208 1413 1251 1502 βπ

130 1512 214 1569 lesen.
260 1506 378 1570 Scribit
409 1507 506 1570 fuisse
536 1506 655 1571 Fnldae
684 1508 790 1570 nescio
821 1528 913 1589 quem
936 1504 985 1569 Jo.
1009 1507 1247 1586 Someringum;

130 1616 169 1657 an
196 1592 322 1656 fratrem
347 1593 499 1675 praetoris
522 1615 562 1656 an
585 1593 691 1665 alium,
716 1613 778 1655 non
799 1590 965 1672 intellige.¹
1012 1592 1108 1655 Miror
1123 1597 1249 1656 tantum

129 1679 186 1742 otii
216 1701 283 1743 esse
307 1680 338 1742 in
362 1678 477 1752 Africa,
509 1684 545 1742 ut
573 1678 717 1759 Petrcjus
747 1684 854 1741 noster
884 1678 987 1740 dicero
1015 1678 1104 1756 solet,
1134 1682 1171 1743 ut
1199 1677 1249 1742 Jn.

130 1765 182 1828 ille
204 1787 222 1827 a
245 1788 320 1829 cura
342 1765 577 1848 philogynetiae
601 1787 719 1828 vacuus
749 1785 818 1828 esse
847 1764 1003 1845 tantisper
1032 1764 1142 1847 possit,
1175 1763 1249 1828 dum

129 1852 246 1915 redeat.
307 1851 453 1915 Fortasse
497 1851 665 1915 constituit
702 1857 934 1933 procuratorem
972 1848 1011 1913 ad
1049 1871 1122 1914 rem.
1182 1850 1250 1915 Hoc

129 1938 250 2000 scilicet
274 1938 374 2001 clerus
397 1938 534 2000 maxime
556 1941 655 2013 curat,
672 1942 709 1999 ut
724 1958 813 2000 suam
829 1936 891 2000 sibi
906 1935 1055 1999 Venerem
1079 1936 1248 2019 propitiam

130 2024 241 2086 reddat
263 2028 360 2105 atque
383 2023 558 2104 placatam
582 2028 614 2086 et
635 2025 661 2087 si
685 2024 722 2086 de
745 2023 925 2104 suspicione
947 2027 980 2086 et
1002 2026 1088 2086 metu
1116 2022 1249 2097 laborat,

129 2110 271 2173 admittit
293 2110 342 2173 vel
359 2109 434 2173 data
451 2109 591 2172 mercede
607 2109 752 2173 colonum
770 2109 931 2184 vicarium,
949 2109 1003 2190 qui
1019 2110 1249 2190 praestrenueb

133 2195 266 2258 fundum
291 2196 436 2259 dominae
459 2195 542 2259 colat
566 2201 662 2277 atque
685 2200 838 2258 exerceat.
884 2194 954 2257 Non
971 2195 1002 2257 id
1019 2195 1138 2259 dictum
1155 2196 1247 2260 velim

129 2282 159 2342 in
184 2279 403 2361 Someringum
429 2281 576 2361 majorem
600 2281 647 2343 vel
671 2283 831 2344 minorem.
879 2281 970 2343 Absit
1002 2281 1076 2344 talis
1111 2282 1247 2345 licentia.

129 2365 197 2430 Non
216 2374 299 2430 esset
314 2367 485 2448 impunitas
501 2368 654 2448 ejusmodi
667 2367 838 2444 dicacitati‚
855 2388 925 2429 cum
944 2366 1042 2448 major
1057 2369 1247 2449 praetorium

129 2458 311 2533 suggestum
351 2459 458 2516 teneat
492 2461 522 2516 et
556 2475 639 2535 aqua
675 2454 778 2536 possit
814 2459 910 2534 atque
947 2453 1013 2533 igni
1050 2454 1246 2518 interdicere.

129 2539 281 2614 Quocirca
311 2539 387 2617 haec
420 2539 494 2601 boni
528 2538 665 2601 consule,
712 2539 826 2601 Datum
857 2538 1047 2602 Sabbataria
1075 2540 1154 2614 luce,
1186 2542 1247 2605 imo

128 2623 253 2688 Joviali.
300 2625 448 2687 Putaram
473 2647 542 2688 cras
564 2625 629 2687 sore
653 2625 735 2687 diem
759 2623 850 2688 Solis.
897 2624 1014 2688 Erravi.
1058 2625 1190 2707 Ignosce
1216 2632 1249 2691 et

128 2713 235 2775 statim
259 2711 436 2774 conscinde.

282 2811 343 2864 Cod.
362 2811 428 2864 Frcl.
448 2811 505 2864 281.

129 3000 244 3068 (conia.)
651 2983 722 3047 258.
968 3001 1002 3068 (n.
1022 3001 1062 3055 30.
1080 3001 1153 3071 suni)
1175 3004 1248 3056 rme.

501 3108 645 3179 Mutian
666 3129 714 3179 an
737 3106 875 3179 Urban.

185 3246 195 3301 (
204 3237 256 3290 l'on
274 3238 320 3289 der
334 3254 441 3304 prosam
466 3225 723 3306 llbersrlurmnnunrp
739 3238 770 3291 iu
792 3238 963 3306 (lcorycntlrot
979 3257 1023 3292 am
1042 3240 1087 3293 30.
1105 3240 1191 3308 dani)

374 3352 501 3403 Urbano
518 3353 601 3412 patri
619 3354 811 3404 sanctissimo
829 3354 871 3406 M.
889 3352 999 3404 Rufius.

229 3464 259 3527 S.
306 3463 422 3545 lingna
453 3465 499 3528 vis
528 3487 680 3546 aquarum
705 3470 737 3529 et
758 3465 849 3547 quasi
878 3453 1124 3542 κατακλυσμὸςρ
1153 3487 1251 3549 snpra

127 3573 220 3632 qnam
257 3552 394 3614 enarrari
428 3556 533 3633 potest
566 3551 718 3615 coenobio
753 3560 857 3614 vestro
889 3551 1006 3614 nocuit.
1051 3552 1120 3626 Qua
1147 3553 1185 3615 de
1215 3577 1247 3616 ro

125 3638 266 3718 pressius
295 3642 328 3700 et
359 3638 495 3701 tenuiter
517 3638 663 3713 scribam,
697 3644 733 3700 ut
765 3659 828 3700 rem
863 3637 979 3717 oppido
1012 3638 1246 3702 memorabilem

127 3723 251 3786 facilius
288 3725 321 3786 in
359 3722 499 3786 libellum
537 3722 662 3787 referas.
723 3723 804 3785 Prid.
843 3720 907 3785 Cal.
946 3722 1103 3799 Quintiles
1148 3726 1245 3808 (quod

127 3810 296 3890 posteritas
320 3809 460 3889 miretur)
494 3810 625 3872 duorum
655 3806 810 3872 amniurn²
833 3808 912 3870 alias
934 3809 1050 3872 sensim
1071 3814 1103 3872 et
1125 3810 1247 3891 placide

126 3896 321 3958 tirrerrtiurn‘¹
345 3896 509 3976 inopinato
527 3895 702 3958 redundata
718 3906 730 3933 ⁰
753 3893 938 3958 coenobium
957 3894 1052 3957 Vallis
1069 3893 1100 3958 S.
1118 3896 1246 3979 Georgii

126 3982 272 4064 procellis
295 3981 449 4054 obruitur,
474 3989 510 4044 nt
532 3982 640 4063 procul
671 3980 889 4064 spectantibus
919 3988 1085 4063 appareret
1117 3983 1244 4047 semise-

127 4068 252 4149 pultum
277 4091 313 4130 ac
335 4068 448 4131 modiis
472 4067 503 4129 in
527 4068 622 4130 undis
638 4068 798 4131 fluctuare.
848 4066 1246 4151 Adeo‚deorsr1mimpetu

125 4154 257 4217 terribili
287 4154 520 4217 continentibus
552 4155 692 4234 undique
724 4153 848 4236 pluviis,
883 4153 974 4233 aquis
1007 4154 1246 4236 complebantur

127 4262 260 4322 superne
284 4241 443 4303 convalles
465 4247 496 4303 et
520 4241 698 4321 roragirrosi
730 4262 850 4323 specus.
896 4240 1091 4322 Quamquam
1117 4242 1164 4304 ris
1191 4240 1246 4305 illa

192 4406 206 4433 ⁸
221 4393 276 4444 ihre
297 4392 369 4444 Tenc.
441 4396 454 4432 ¹³
468 4398 659 4459 praestruimus.
730 4389 928 4455 οκατακλισμός,
980 4393 1077 4459 <laquo
1092 4390 1150 4458 sapt
1171 4391 1244 4446 Terra.

123 4460 175 4513 cin.
245 4462 414 4513 erotundata
434 4461 507 4512 nna.

195 4529 270 4583 ¹an
297 4530 398 4582 Brurlur·
416 4531 462 4581 iles
480 4529 625 4582 bckanntcn
652 4527 711 4580 Jolr.
739 4527 911 4595 Sonrnrcring,
931 4528 979 4581 wic
999 4527 1032 4581 ll.
1051 4535 1137 4596 sptitcr'
1162 4530 1245 4583 selbst

125 4599 172 4652 ibn
198 4598 356 4652 bozoichnot.
383 4599 424 4650 Ην.
443 4599 500 4650 cui.
571 4596 729 4649 ’tllrcrlralb
754 4596 933 4665 Georgenrnal,
961 4598 1001 4649 boi
1022 4597 1161 4667 Tembrion,
1185 4616 1244 4653 rer·-

128 4667 210 4738 cinigt
227 4669 284 4722 sicli
304 4669 351 4720 mir
371 4670 417 4720 rior
434 4668 568 4735 ilplclstct,
587 4683 619 4719 nn
638 4668 684 4719 rlcr·
701 4666 873 4733 (icorgcutlral
890 4666 961 4733 licgt,
974 4667 1020 4720 dae
1034 4666 1248 4722 Schrnulwasser.
