2774 4966
126 644 190 731 370
541 650 629 717 baele
647 660 693 716 (les
710 654 735 717 J.
755 656 829 719 1518.

125 842 221 922 teque
253 857 355 900 morer
386 856 480 918 quam
513 856 570 916 par
599 834 642 898 sit
664 834 795 911 diutius,
827 834 1025 899 cunctationi
1047 833 1132 915 hnic,
1166 835 1255 919 qaod

127 922 257 1009 sepositi
281 922 385 1003 operis
407 943 527 984 moram
563 926 764 1004 expurgaret,
798 920 917 1002 subjeci
950 924 1126 985 auctarium
1161 924 1256 1003 quasi

126 1009 207 1075 sorti
229 1009 288 1072 tibi
312 1007 438 1071 debitae
460 1006 658 1070 fenusculum
685 1028 748 1070 non
771 1007 917 1070 illiberali
945 1027 1050 1071 manu.
1097 1006 1256 1072 Probabis

128 1097 193 1161 scio
215 1093 310 1157 fidem
333 1098 365 1157 et
388 1092 594 1174 diligentiam.
641 1090 809 1157 Caelatura
839 1093 928 1175 clipei
958 1114 1107 1174 expressa
1138 1092 1189 1157 lae
1217 1099 1257 1159 ut

129 1180 226 1246 Solon
249 1179 302 1243 ille
324 1179 565 1241 Atheniensium
588 1178 670 1241 lator
693 1179 796 1262 legum
816 1179 1050 1242 illustrissimus
1066 1184 1099 1242 et
1115 1177 1256 1245 Romani

124 1268 211 1350 juris.
228 1270 338 1329 auctor
361 1271 393 1327 et
415 1286 528 1346 parens
551 1264 591 1328 ab
614 1265 735 1346 origine
757 1266 886 1348 primus,
910 1264 995 1345 quod
1019 1265 1141 1329 indicat
1158 1264 1256 1330 Pom·

129 1354 244 1438 penius
271 1349 517 1433 jurisconsultus
545 1356 577 1413 et
608 1351 751 1433 princeps
779 1351 982 1415 historiarum
1016 1349 1107 1414 Titus
1142 1350 1256 1416 Livius

128 1445 159 1503 et
194 1446 240 1512 tu,
274 1441 384 1518 utpote
419 1437 539 1519 peritus
572 1437 786 1516 antiquitatis
822 1459 882 1501 non
919 1439 1055 1518 ignoras.
1100 1436 1181 1500 Nam
1217 1444 1257 1503 nt

128 1524 343 1590 ecclesiastica
365 1527 462 1593 secta,
486 1522 537 1585 cui
560 1544 617 1585 nos
640 1543 749 1586 omnes
772 1522 891 1585 addicti
915 1544 1033 1599 sumus,
1057 1527 1255 1606 propagatur

129 1633 169 1674 ex
193 1613 293 1674 matre
316 1629 488 1690 synagoga,
511 1609 558 1670 ita
580 1608 671 1671 civile
684 1608 737 1689 jus
753 1613 784 1671 et
800 1608 939 1672 urbanae
956 1609 1040 1689 leges
1056 1610 1257 1690 peregrinam

130 1695 252 1761 habent
273 1694 409 1758 radicem
435 1692 568 1757 Athenis
591 1692 666 1756 olim
692 1694 818 1758 Solonis
834 1695 992 1777 sapientia
1006 1694 1255 1759 corroboratam.

129 1781 227 1847 Solon
251 1783 391 1862 inquam,
416 1780 542 1843 divinus
567 1779 618 1842 ille
642 1782 687 1842 vir
712 1786 743 1843 et
765 1802 821 1844 rex
844 1780 941 1844 studii
959 1781 1058 1843 nostri
1076 1781 1256 1862 primarius,

127 1890 185 1933 aaa
220 1867 384 1949 majestate
421 1867 529 1946 cingat
564 1865 700 1928 militare
732 1868 837 1948 gentis
870 1873 944 1930 tuae
982 1866 1185 1930 simulacrum
1221 1872 1259 1933 st

128 1958 264 2034 augusta
299 1973 375 2016 voce
409 1960 546 2032 quatuor
579 1952 732 2016 lateribus
765 1953 891 2033 aspiret.
944 1951 1069 2016 Titulus
1102 1953 1133 2016 in
1167 1952 1258 2018 hunc

129 2040 255 2104 modum
283 2042 500 2103 summotenus
523 2041 641 2101 exstet:
667 2027 797 2113 Νόμοις
825 2033 958 2112 πείθου,
992 2060 1096 2101 verum
1127 2038 1173 2102 sic
1203 2040 1258 2104 iu·

127 2125 231 2191 ferne:
252 2112 430 2208 Ἀλήθειαν
445 2111 568 2201 ἀνέχου,
592 2144 611 2186 a
633 2123 762 2186 sinistro
779 2124 889 2187 latere:
918 2120 1035 2197 Φίλοις
1054 2114 1189 2208 βοήθει,
1212 2126 1257 2191 ad

129 2197 433 2292 dextramz'Apearjr
455 2203 591 2271 ἐπαίνει.
637 2207 759 2283 Quibus
781 2209 879 2273 lector
909 2210 1078 2273 sententiis
1107 2214 1258 2275 monetur

131 2318 239 2380 parere
261 2295 394 2377 legibus,
419 2295 582 2358 veritatem
613 2296 796 2359 sustinere*
817 2301 851 2358 et
873 2296 1033 2373 extollere,
1064 2296 1174 2360 amicis
1202 2297 1255 2361 in·

130 2384 247 2447 servire
262 2388 295 2445 et
312 2380 391 2444 ferre
407 2401 508 2462 opem,
525 2402 594 2443 essa
616 2379 752 2462 denique
775 2383 903 2445 virtutis
918 2381 1065 2445 laudator
1079 2386 1112 2444 et
1128 2404 1255 2464 praeco.

128 2469 268 2534 Primum
292 2472 340 2531 est
358 2467 512 2550 justitiae,
530 2466 620 2548 eujus
636 2466 734 2530 veluti
750 2466 826 2531 deae
842 2468 1008 2531 summatis
1023 2467 1256 2549 religiosissimi

128 2555 308 2620 sacerdotes
323 2575 450 2632 sumus,
473 2553 645 2617 secundum
668 2553 860 2617 sanctissimi
884 2554 1125 2636 gravissimique
1149 2554 1256 2636 philo·

129 2642 231 2723 sophi,
255 2640 309 2721 qui
332 2644 364 2702 et
385 2660 458 2703 osor
489 2638 645 2702 mendacii
675 2644 707 2702 et
735 2640 879 2703 veritatis
914 2662 981 2703 esse
1016 2639 1109 2703 debet
1141 2662 1256 2704 aman-

129 2728 289 2806 tissimus;
313 2725 441 2790 tertium
468 2724 585 2788 oratori
619 2724 707 2787 vellit
739 2747 857 2799 aurem,
887 2730 922 2789 ut
956 2726 1075 2789 homini
1106 2726 1137 2789 in
1168 2727 1256 2791 civili

131 2814 197 2877 vita
212 2835 250 2876 ac
265 2812 436 2876 forensium
454 2831 556 2873 rerum
581 2816 655 2874 actu
677 2832 800 2892 semper
823 2816 988 2892 occupate,
1005 2810 1094 2893 cujus
1110 2813 1255 2877 studium

129 2911 178 2963 est
210 2897 375 2961 defendere
408 2918 492 2970 suoS,
526 2897 635 2960 amicis
669 2896 789 2973 adesse,
822 2903 978 2978 praestare
1011 2898 1104 2961 tidem
1132 2897 1254 2975 clienti,

129 2985 318 3049 adversariis
342 2982 445 3064 legum
469 2982 590 3063 laqueis
606 2982 759 3059 insidiari,
783 2988 814 3046 et
836 2984 1044 3047 reclamantes
1068 3004 1255 3066 oppugnare

130 3092 193 3135 non
216 3069 318 3134 solum
342 3069 503 3149 ingeniose
527 3073 560 3131 et
582 3068 702 3145 callide,
726 3069 781 3131 sed
805 3070 900 3132 etiam
924 3070 1089 3147 instanter,
1112 3071 1256 3153 graviter

131 3161 162 3221 et
184 3163 221 3220 ut
242 3156 334 3237 ajunt
361 3154 450 3236 equis
472 3160 505 3217 et
526 3155 633 3234 remis;
663 3160 811 3235 quartum
839 3157 926 3218 omni
953 3156 1036 3219 bono
1059 3161 1091 3219 et
1114 3158 1254 3238 sapienti

130 3243 196 3307 viro
230 3242 385 3323 congruit,
418 3245 454 3304 ut
488 3240 599 3303 vitium
635 3240 754 3314 virtuti,
791 3245 929 3305 scortum
964 3242 1097 3305 honesto
1134 3241 1253 3321 officio,

129 3329 303 3393 modestiae
334 3326 542 3408 petulantiam
571 3330 603 3389 et
631 3326 809 3407 superbiam
841 3327 974 3391 allectus
1004 3328 1132 3391 virtutis
1162 3349 1255 3410 prae-

131 3416 222 3480 conio
246 3417 427 3496 postponat.
472 3412 502 3475 ls
518 3413 600 3474 enim
625 3413 773 3476 virtutem
798 3414 920 3496 proprie
943 3414 1108 3496 veroqueb
1132 3414 1254 3493 laudat,

130 3502 185 3583 qui
209 3524 240 3564 re
264 3500 364 3580 magis
394 3520 487 3580 quam
519 3498 614 3560 verbo
645 3498 783 3562 celebrat
811 3505 842 3562 et
871 3501 1008 3563 miratur.
1057 3500 1139 3564 llaec
1173 3501 1255 3565 bene

130 3589 324 3651 conveniunt
357 3585 506 3648 instituto
540 3591 572 3645 et
606 3585 717 3647 honori
751 3594 815 3647 tuo.
862 3586 903 3649 Es
933 3586 1149 3669 jurisperitus:
1186 3588 1255 3652 cole

128 3673 302 3755 justitiam;
326 3693 359 3734 es
383 3669 599 3752 philosophus,
624 3672 803 3752 insignibus
838 3671 974 3735 donatus
1009 3674 1253 3754 magistrorum:

130 3759 264 3823 adhaere
288 3757 429 3834 veritati,
453 3779 486 3819 es
501 3762 606 3819 orator
622 3763 800 3837 spectatus:
826 3758 958 3821 lllutiani
975 3758 1252 3841 Tranquillitatem

131 3846 171 3909 ab
196 3844 311 3927 injuria
334 3844 509 3905 morionum
534 3842 660 3905 vindica
676 3849 708 3905 et
724 3845 859 3925 quietem
877 3846 978 3907 securi
996 3846 1091 3908 animi
1109 3852 1252 3928 protege.

131 3931 213 4008 Quid
238 3930 314 3994 dicit
337 3933 443 3992 orator
466 3926 642 3991 Caecilius?
686 3928 755 3992 Nou
780 3950 871 4011 posse
889 3930 1032 3994 Attilium
1050 3929 1253 3996 Crescentem

129 4016 325 4081 familiariter
348 4020 381 4078 et
402 4015 494 4077 unies
517 4014 666 4077 dilectum
689 4039 723 4079 se
747 4014 897 4080 incolumi
920 4016 1066 4098 injuriam
1085 4018 1252 4098 accipere'

130 4103 203 4167 Pari
237 4101 380 4182 exemplo
414 4101 678 4163 calumniatorum
711 4123 848 4165 meorum
878 4102 1079 4167 insolentiam
1114 4104 1255 4169 oratoria

131 4188 375 4253 comminatione
409 4191 449 4261 et,
480 4187 505 4248 si
536 4208 615 4268 opus
644 4187 703 4250 orit
734 4189 899 4269 praesidia,
934 4188 1050 4253 forensi
1079 4190 1256 4255 ealliditate

130 4275 309 4358 depressam
334 4295 470 4336 exarma.
516 4271 648 4336 Virtutis
665 4279 711 4336 est
728 4274 870 4357 improbo
888 4276 1092 4339 conviciatori
1108 4278 1257 4342 resistere

130 4367 162 4426 et
184 4362 266 4425 tueri
299 4360 507 4422 innocentem.
553 4357 726 4440 Postquam
756 4361 909 4441 imagines
939 4363 1114 4443 gentilitias
1148 4365 1257 4445 graeci

129 4447 345 4529 legumlatoris
368 4445 559 4509 auctoritate
575 4444 784 4528 pulcherrima
800 4447 1022 4529 quadrifariam
1040 4450 1258 4529 exornaveris,

129 4576 276 4585 —-.——-—
285 4577 331 4584 -.-

197 4648 211 4676 ⁵
225 4633 378 4687 substinere.
449 4631 520 4695 bSo,
539 4631 611 4685 rriclrt
629 4648 750 4702 vereque.

197 4702 290 4758 ¹Phn.
311 4700 464 4773 (Caecilius)
483 4700 529 4770 Ep.
548 4701 593 4756 Vl.
611 4700 636 4769 8,
655 4704 680 4757 3.
