2774 4966
523 672 628 726 blutiau
647 689 681 726 au
699 669 803 727 Urban.
1172 673 1236 738 469

94 844 295 912 brevitatem
319 870 443 932 sequar,
468 848 528 911 etsi
551 851 680 912 secutus
710 870 778 912 sunr
810 846 878 910 heri
908 845 1101 910 includendo
1128 846 1237 912 literas

102 933 225 996 alienas
259 956 329 999 meo
358 933 559 998 laconismo.¹
604 933 684 999 Nam
716 934 918 1015 gratissimus
941 953 1010 996 esse
1032 936 1064 995 et
1086 930 1146 996 tibi
1168 955 1237 997 ner-

103 1017 245 1082 bositate
278 1020 404 1103 plaeere
433 1041 563 1102 possum
594 1024 626 1083 et
655 1018 750 1083 soleo.
796 1019 908 1101 ltaque
938 1038 1001 1081 non
1032 1016 1136 1080 solum
1166 1019 1236 1082 uni-

103 1125 227 1167 versum
255 1106 409 1178 studium,
432 1106 538 1181 fidem,
561 1126 698 1186 operam,
731 1103 985 1168 benevolentiam
1006 1102 1046 1166 ad
1069 1106 1100 1165 te
1123 1102 1238 1181 desere,

108 1191 246 1253 amicum
272 1196 475 1255 constantem
499 1195 531 1253 et
555 1190 635 1253 bene
659 1191 815 1266 meritum,
838 1189 1004 1252 sedetiam
1022 1187 1087 1252 stili
1105 1189 1237 1270 copiam.

102 1273 289 1356 Spalatinus
315 1282 432 1341 natura
455 1275 560 1339 bonus
583 1281 615 1338 et
637 1275 750 1339 doctus
783 1275 878 1339 borno
906 1274 1046 1357 appellat
1072 1273 1237 1339 Eobunum

103 1359 333 1426 Germanorum
373 1362 554 1443 Vergilium.
610 1360 693 1424 Rara
727 1362 806 1437 laus,
844 1360 928 1423 sed*
966 1361 1034 1423 sine
1071 1359 1238 1424 verborum

101 1446 184 1524 siren,
215 1450 385 1525 cerussa,b
419 1447 614 1530 purpurisso,
654 1448 784 1510 sincera.
831 1445 940 1527 Neque
974 1447 1057 1509 enirn
1091 1445 1240 1509 adulator

30 1592 33 1598 .
99 1536 157 1606 est,
182 1535 215 1595 et
237 1540 332 1614 poeta
356 1538 464 1598 noster
489 1533 564 1596 talis
588 1534 696 1614 procul
721 1531 827 1595 dubio.
873 1531 976 1595 lanus
998 1531 1118 1594 Hessos
1135 1532 1237 1615 patria

99 1617 247 1682 Noricus²
280 1641 338 1682 nos
370 1623 466 1696 emat,
498 1617 575 1698 quia
599 1639 657 1681 nos
681 1618 740 1680 boc
763 1617 846 1679 idern
870 1618 901 1680 in
927 1617 1086 1681 sefacere
1119 1623 1236 1681 censet.

99 1701 285 1785 Scripturas
311 1706 350 1768 ad
375 1726 506 1786 puerum
532 1700 640 1765 tuum⁸
664 1704 770 1766 saluta
792 1703 908 1766 lanum
926 1703 1024 1766 illurn.
1063 1702 1131 1766 Hoc
1146 1707 1238 1767 tuum

101 1789 261 1854 scribendi
300 1790 488 1853 beneficium
529 1810 693 1869 nunquam
733 1787 816 1870 apud
857 1810 926 1851 eum
965 1789 1238 1853 intermoriturum

101 1875 260 1938 existimo
308 1877 355 1939 Ita
379 1874 595 1958 perhumanus
622 1879 654 1937 et
676 1874 814 1937 disertus
837 1879 886 1938 est
909 1878 940 1937 et
963 1894 1083 1938 memor
1105 1875 1236 1956 ucoepti.

101 1959 148 2022 De
181 1959 253 2025 Tito
288 1960 387 2025 Mario
423 1964 456 2022 et
488 1958 655 2023 Sebilone⁸
689 1960 736 2022 ita
768 1962 882 2024 sentio.
938 1960 1112 2042 imponunt
1145 1959 1238 2024 uobis

100 2067 182 2109 onus
205 2067 309 2127 grave,
335 2052 371 2110 ut·
391 2046 519 2126 exigam
537 2044 694 2126 singulari
709 2046 884 2109 acerbitate
901 2045 1054 2110 debiturn.
1094 2045 1237 2109 Peterem

99 2130 140 2193 ab
176 2130 411 2212 Eugelmanno³
443 2130 561 2194 fiducia
592 2131 763 2206 amicitiae,
794 2135 830 2194 ut
857 2130 1038 2194 rationibus
1071 2131 1238 2194 interesset

102 2220 134 2278 et
158 2219 351 2281 auctoritate
376 2223 408 2280 et
431 2217 536 2299 gratia
560 2228 644 2280 sua⁰
668 2220 795 2298 cogeret
827 2215 910 2280 mala
933 2218 1065 2281 nomina
1086 2216 1126 2279 ad
1150 2217 1238 2281 solu·

104 2303 236 2385 tionem,
261 2304 324 2366 nisi
347 2304 429 2367 foret
459 2302 726 2383 occupatissimus
749 2303 780 2365 in
805 2302 928 2384 nuptiis
956 2302 1126 2385 propinqui
1161 2300 1237 2367 sui.⁸

100 2387 211 2451 Petam
243 2389 343 2471 igitur
373 2388 462 2452 alias.
509 2387 555 2451 Tu
580 2389 672 2451 velim
709 2387 909 2470 paucissimis
942 2388 1063 2452 credas.
1108 2387 1176 2452 Hos
1198 2409 1236 2451 eo

100 2475 248 2555 pertinet,
275 2498 313 2537 ne
340 2497 398 2538 nos
421 2474 605 2557 opprimant
628 2473 727 2536 falsae
751 2475 981 2556 persuasiones.
1029 2471 1233 2556 Henningus²

100 2580 162 2622 non
186 2562 376 2641 aegrotavit.
424 2560 514 2624 Valet
537 2564 569 2622 et·
593 2559 731 2623 comedit
754 2565 786 2623 et
808 2560 886 2623 facit
908 2561 1015 2624 omnia
1045 2581 1130 2623 more
1161 2581 1236 2624 cou-

98 2651 190 2709 sueto
219 2652 251 2709 et
281 2653 328 2709 est
360 2649 391 2710 in
424 2651 583 2710 conventu
620 2645 857 2728 Altoburgensi.
905 2647 971 2710 Hoc
1004 2645 1113 2709 retulit
1147 2645 1237 2712 Hirs-

98 2731 264 2795 baechus.³
318 2733 396 2795 Late
430 2737 519 2813 patet
553 2731 741 2794 Lotiunum⁹
775 2753 941 2795 venenum.
987 2731 1100 2794 iniecit
1133 2730 1238 2795 Valles

100 2823 131 2880 et
163 2817 385 2899 Euphemiam,
426 2818 542 2881 nedum
579 2815 638 2880 hoc
672 2818 851 2881 castellum.
896 2817 997 2900 Saepe
1019 2823 1051 2879 te
1073 2816 1235 2892 admonui,

101 2902 156 2965 sed
180 2902 258 2966 mihi
284 2926 345 2967 nou
372 2904 482 2967 credis.
529 2902 736 2967 Nitbardus¹⁰
759 2909 791 2968 et
815 2904 963 2968 Fronto¹¹
989 2903 1117 2966 Lotiani
1150 2909 1237 2982 sunt,

99 2986 299 3052 lllusardus¹²
314 2996 346 3053 et
359 2986 572 3071 Stephanus'⁸
587 2990 660 3052 item
675 2989 811 3053 liotiaui.
847 2990 958 3055 Sentio
971 2988 1236 3067 malevolentiam,

100 3074 158 3137 sed
180 3095 310 3138 occurro
334 3080 367 3139 et
390 3075 486 3139 nullis
503 3075 704 3138 contumeliis
722 3076 874 3140 deterreri
889 3097 1019 3158 possum
1035 3096 1055 3138 a
1069 3075 1234 3140 modestia.

102 3159 200 3223 Velim
224 3161 331 3239 etiam,
348 3167 385 3225 ut
401 3160 554 3225 Cotiauos
570 3182 681 3224 omnes
697 3159 828 3225 devites.
874 3163 946 3226 Non
971 3166 1031 3239 est,
1054 3166 1091 3224 ut
1108 3183 1236 3225 oausam

104 3266 286 3327 persequar.
332 3247 414 3311 lllale
437 3245 716 3311 damnabuntur.¹⁸
760 3246 901 3313 Tantum
925 3249 958 3312 in
982 3246 1097 3311 studiis
1119 3247 1184 3310 tuis
1206 3251 1238 3311 et

101 3331 186 3394 dorni
224 3332 275 3395 his
309 3333 506 3414 temporibus
541 3336 678 3395 manete.
723 3332 789 3397 Nos
817 3336 849 3397 te
880 3333 962 3398 tueri
991 3339 1022 3397 et
1046 3334 1235 3415 promissum

101 3417 264 3480 senatus'⁵
302 3418 457 3494 uolumus,
495 3418 636 3498 ,invidia
667 3423 856 3501 rumpantur
888 3425 924 3482 ut
957 3417 1029 3483 ilia“
1068 3439 1130 3480 non
1166 3418 1236 3482 dieu

106 3502 293 3583 „Corlro“¹⁶,
317 3505 370 3567 sed
395 3502 513 3568 Mor-0¹⁷
538 3509 569 3566 et
592 3502 694 3581 Lotio,
723 3505 841 3567 nostris
865 3507 896 3569 in
920 3504 981 3569 hoc
1008 3503 1135 3568 saeculo
1167 3504 1236 3568 dia·

104 3587 195 3652 bolis.
244 3588 327 3652 Vale.
374 3590 431 3654 Die
455 3590 484 3652 S.
509 3588 668 3653 Timothei
690 3589 849 3653 MDXllll.

261 3707 322 3761 Cod.
342 3707 408 3763 Frcl.
427 3709 486 3763 395.

107 3847 312 3855 ..—-——-

171 3942 185 3968 a
202 3931 228 3979 ot
251 3927 324 3981 llum.
398 3933 411 3969 ¹³
427 3945 526 3981 cerusa.
546 3962 550 3969 ,
598 3945 673 3982 esua
691 3931 717 3981 et
734 3929 817 3997 gratia
837 3927 910 3979 Toni.

176 3996 316 4048 ¹llieruus
336 3996 384 4049 dus
402 3998 500 4050 Datum
520 3998 567 4050 dos
585 4015 640 4052 ror.
659 3997 702 4051 Br.
771 3997 823 4051 ²S.
842 3999 891 4049 411
909 3999 939 4050 A.
959 3998 982 4051 3.
1048 3996 1239 4065 ³Nepotiauus

101 4065 127 4116 in
148 4063 266 4117 Breslau.
302 4064 345 4118 ΒΓ.
365 4067 424 4118 337.
479 4066 565 4134 *Vgl
585 4066 609 4120 S.
629 4067 681 4120 462
698 4069 730 4120 A.
751 4068 790 4121 10.
849 4064 1105 4118 ⁶Kiiolreumeister.
1142 4064 1166 4119 S.
1187 4066 1238 4121 ‘206

101 4137 134 4185 A.
154 4134 177 4183 2.
248 4133 330 4184 run·
347 4133 399 4186 Erl.
420 4134 488 4203 Mag.
508 4135 603 4189 Conon.
639 4134 682 4187 Br.
701 4136 760 4188 416.
832 4134 956 4187 'Goedu
992 4134 1017 4188 S.
1035 4133 1087 4185 412
1104 4135 1135 4187 A.
1154 4137 1178 4186 4.

140 4201 285 4253 ⁸Erlurtcr
303 4201 476 4263 l'orbannter,
495 4203 611 4255 llutians
629 4203 760 4256 Naehbur·¹
789 4202 815 4256 S.
835 4202 885 4256 205
903 4204 935 4255 A.
954 4205 978 4257 5.
1038 4201 1092 4256 ⁹8.
1111 4204 1144 4256 38
1163 4205 1193 4255 A.
1211 4204 1236 4254 l.

139 4271 160 4302 ¹⁰
179 4269 204 4323 S
224 4269 274 4323 ‘268
293 4272 324 4322 A.
344 4272 367 4323 3.
424 4274 442 4303 ²¹
462 4271 487 4324 S.
506 4272 557 4324 ‘239
576 4274 605 4324 A.
626 4273 648 4323 7.
705 4273 725 4303 ¹²
744 4270 769 4324 S.
789 4271 840 4323 418
858 4272 889 4325 A.
911 4270 951 4322 ll.
1013 4271 1075 4324 ¹³8.
1094 4271 1192 4323 212A.
1215 4273 1237 4322 l.

140 4339 160 4369 ¹⁴
178 4328 252 4405 Uber
269 4338 312 4391 <lie
332 4340 502 4408 verulaclrtige
520 4339 637 4408 tlaltuug
655 4341 701 4392 der
719 4339 807 4392 Partei
825 4338 1005 4408 Siimnreriugs
1018 4338 1070 4406 vgl.
1089 4338 1131 4392 Br.
1151 4340 1202 4392 360
1219 4340 1236 4391 f.

141 4408 161 4439 ¹³
177 4396 251 4459 Uber
264 4407 305 4459 oin
328 4424 387 4459 rom
407 4408 633 4476 Schniogcrruter
650 4408 807 4476 Brongbiers
833 4407 979 4475 gestiltetos
1004 4407 1166 4460 Beneficium
1191 4408 1238 4459 der

102 4473 298 4597 Sliitsffliiial
325 4475 373 4595 ptr.
392 4477 450 4531 407.
486 4476 545 4545 Vgl.
565 4476 590 4529 S.
609 4477 660 4528 412
679 4479 710 4531 A.
728 4478 752 4528 4.
825 4474 1173 4544 cumplurimum.
