2774 4966
377 701 485 756 Mutian
503 717 538 754 au
556 699 696 754 Reuchlin.
731 700 837 754 nutias
855 716 890 753 au
908 697 1009 754 Urben.
1194 698 1258 764 563

130 873 197 939 sive
218 874 307 957 pacis
329 871 398 937 otia
419 875 642 938 tractarentur.
688 873 741 937 Vir
763 871 816 937 ille
836 873 1001 939 doctorum
1017 872 1258 937 amantissimus

127 965 274 1023 ornasset
302 963 390 1022 tuam
423 959 612 1040 dignitatem
636 963 667 1022 et
691 958 731 1022 ab
754 959 841 1022 omni
863 959 979 1040 injuria
1010 957 1258 1042 praedicatorias

127 1045 265 1109 familiae
297 1043 491 1108 defendisset
513 1045 545 1107 iu
571 1045 674 1107 tribus
707 1046 832 1125 magnis
864 1044 1023 1126 parochiis
1056 1044 1257 1125 Moguntiua,

126 1130 366 1194 Haiberstatina
397 1137 429 1192 et
460 1129 697 1211 Magdeburgia.
743 1129 907 1193 Parochiis
938 1130 1014 1193 dixi.
1060 1131 1108 1193 lta
1139 1129 1256 1193 lectum

124 1224 173 1280 est
195 1218 228 1279 in
253 1216 394 1278 Decretis
425 1215 701 1298 pontificalibus,⁸
731 1216 786 1279 ubi
814 1215 967 1279 dioecesis
1001 1215 1178 1298 appellatur
1201 1235 1257 1295 pa-

125 1301 244 1380 rochia,
269 1301 300 1362 id
325 1301 410 1382 quod
433 1301 503 1371 tibi,
529 1321 622 1380 quem
647 1301 725 1366 nibil
749 1301 869 1364 nescire
892 1301 998 1364 sciunt
1020 1322 1140 1377 omnes
1157 1300 1258 1364 uotis-

125 1389 239 1452 simum
264 1391 323 1449 est.
368 1385 451 1449 decit
483 1385 693 1449 fundamenta
728 1382 844 1450 favoris
878 1385 1052 1450 Mutianus.
1098 1385 1162 1450 Sed
1195 1384 1257 1448 heu

126 1475 231 1536 irritos
262 1471 405 1535 labores!
452 1471 557 1535 Testis
588 1477 731 1553 superest
762 1471 1024 1549 Suuthuseuius,¹
1057 1472 1113 1554 qui
1136 1475 1168 1535 et
1191 1471 1258 1553 ipse

122 1564 155 1622 te
178 1562 266 1621 amat
289 1562 321 1619 et
343 1556 429 1620 colit.
476 1557 532 1621 His
568 1559 697 1621 auribus
727 1558 845 1637 audivi,
880 1559 922 1621 mi
953 1557 1121 1621 reverende
1155 1560 1253 1639 pater,

123 1645 232 1707 audivi
257 1645 398 1723 iuquam,
422 1642 498 1724 quid
522 1643 721 1724 responderit
748 1644 873 1706 cuidam
906 1642 987 1707 maie
1016 1642 1168 1726 loquenti.
1214 1640 1258 1704 Te

125 1731 242 1792 bouum
267 1732 300 1790 et
323 1728 450 1790 doctum
477 1729 576 1791 virum
601 1751 670 1791 esse
694 1729 897 1809 praedicavit,
914 1729 1010 1791 etiam
1033 1729 1058 1793 si
1083 1726 1256 1791 adversarii

124 1818 345 1897 rumperentur
367 1813 496 1876 invidia.
545 1813 662 1877 Aderat
694 1822 762 1877 tum
794 1813 924 1894 quidam
955 1816 1119 1895 gregarius
1154 1809 1257 1894 pene,²

125 1901 284 1982 proprium
320 1919 435 1962 nomen
472 1899 591 1962 excidit
624 1900 717 1976 mihi;
748 1904 783 1962 tu
816 1899 977 1980 intelligis,
1012 1899 1084 1981 quis
1118 1900 1162 1961 sit
1195 1897 1257 1975 iile,

125 2008 218 2067 quem
236 1984 372 2048 latenter
388 1990 481 2047 taxas
496 1984 528 2046 in
548 1982 727 2066 Αροὶοςὶα.1
758 1983 840 2047 Male
857 1985 961 2048 valeat
976 1984 1258 2067 arrogantissimus

125 2072 236 2135 scriba.
282 2068 328 2131 Tu
353 2067 573 2132 benevaleas.

280 2168 343 2221 Cod.
363 2167 429 2221 Frci.
447 2167 507 2222 494.

126 2356 240 2426 (sorra.)
654 2341 727 2404 499.
965 2329 1078 2425 (ajam.
1098 2356 1153 2410 rui
1173 2359 1259 2425 1515.)

503 2466 648 2537 Mutiun
670 2485 718 2536 an
741 2464 882 2537 Urban.

126 2594 224 2662 (Kluqt,
242 2596 305 2648 dass
323 2596 441 2664 Pet-rejice
460 2594 492 2648 iu
509 2596 578 2649 Rom
596 2613 645 2649 rme
660 2596 760 2649 seinana
778 2595 884 2648 Br‘uder
906 2595 980 2648 arichi
1003 2596 1054 2648 mit
1082 2596 1147 2650 Gela
1168 2602 1258 2651 unw-

125 2669 207 2716 stritat
233 2665 308 2726 ur'rd,
335 2665 394 2717 arud
419 2664 475 2717 wilt
501 2665 543 2717 bei
569 2664 737 2731 Somnrcre'up
763 2665 820 2717 eine
847 2664 958 2717 nauita
985 2663 1033 2731 sdr
1061 2665 1110 2718 ϋιη
1139 2667 1259 2719 enucliare.

132 2731 259 2785 Wunder!
277 2733 342 2791 sech,
360 2734 424 2785 dass
441 2733 588 2786 diu-surdus
605 2733 693 2785 niudis
709 2733 774 2786 dher
784 2734 834 2786 dur
846 2749 930 2786 vuueri
949 2732 1103 2786 Sekdrraucr
1114 2733 1259 2803 Proplrctcn

128 2800 227 2863 meldad,
246 2802 292 2852 der
310 2801 390 2853 leuiter
407 2801 456 2854 ur'e
472 2802 544 2854 seins
555 2802 658 2854 undam
670 2801 791 2869 Koilegen
801 2819 851 2854 eon
862 2801 1004 2854 Duronius
1016 2801 1161 2869 ὺῳιῖηεὶὶρί
1172 2805 1259 2870 rcird.)

504 2914 546 2965 Η.
563 2914 692 2965 Urbano
710 2915 755 2965 M.
773 2913 885 2965 Rufus.

231 3023 263 3088 S.
309 3023 484 3089 Miscentur
514 3025 599 3090 laeta
630 3026 788 3090 tristibus.
833 3024 882 3089 Ita
912 3047 960 3089 res
992 3025 1151 3089 humanae
1183 3031 1259 3090 suut

129 3110 279 3187 lubricae,
303 3115 339 3173 ut
364 3132 526 3191 nunquam
551 3111 604 3175 diu
629 3111 740 3175 faciem
756 3132 852 3175 uuam
870 3133 944 3193 prae
960 3133 994 3174 se
1010 3112 1121 3176 ierant.
1169 3112 1260 3177 Obiit

129 3196 327 3277 Eyteivoiph.
375 3196 477 3260 Dolui.
523 3196 665 3261 Decessit
689 3189 807 3262 Βιιᾶο.ι
851 3195 944 3261 Sensi
969 3197 1259 3261 bouisliterislae·

129 3282 271 3345 tandum.
318 3281 394 3344 Esse
416 3289 523 3344 tamen
547 3305 640 3365 aegre
662 3283 824 3346 ferendum
850 3303 973 3359 censeo,
998 3283 1083 3365 quod
1100 3282 1258 3366 Petrejus⁸

129 3388 257 3431 suorum
280 3367 391 3430 fraude
413 3368 496 3430 male
519 3366 644 3433 habeat.
691 3367 754 3432 Oro
788 3373 831 3446 te,
860 3368 903 3431 mi
926 3366 1064 3447 Urbane,
1099 3367 1176 3450 quid
1211 3372 1260 3433 est

129 3451 212 3532 quod
236 3452 333 3516 frater
351 3452 491 3533 jactarit,
516 3452 575 3517 boc
598 3457 631 3517 et
653 3453 713 3518 hoc
735 3453 913 3517 obtinuisse
936 3451 1075 3532 fratrem,
1104 3455 1181 3518 item
1208 3458 1260 3519 tot

130 3541 163 3600 et
177 3541 227 3600 tot
242 3559 354 3602 aureos
378 3539 492 3602 missos
515 3539 658 3619 Romam,
676 3541 703 3603 si
718 3545 821 3603 totum
839 3539 871 3602 id
887 3560 1004 3603 vanum
1022 3540 1093 3603 est?
1130 3539 1260 3604 Mentiri

128 3622 204 3702 quid
239 3624 380 3686 attinet?
427 3625 574 3687 rimarum
607 3630 657 3689 est
687 3624 817 3688 verbum
854 3623 1022 3688 Matthaei⁶
1052 3627 1084 3688 in
1113 3626 1258 3689 eundem.

131 3707 178 3771 'l'u
204 3709 387 3790 procurabis
410 3712 576 3790 pecuniam
600 3711 686 3793 apud
709 3708 900 3783 (ὶοῒίοηθῐη,7
924 3711 1025 3773 virum
1051 3712 1258 3793 pecuniosum

132 3799 163 3857 et
180 3794 327 3871 amicum,
346 3794 404 3857 bac
421 3797 497 3876 lege.
543 3796 637 3859 Dicat
654 3796 811 3858 Hallensis
828 3794 964 3858 nostert⁸
991 3795 1153 3877 ,Domine,
1175 3797 1259 3862 habe

127 3880 188 3943 tibi
213 3879 294 3941 hane
318 3882 529 3962 syngrapham
555 3886 587 3945 et
609 3886 755 3945 mutuum
780 3880 821 3943 da
844 3881 967 3962 Petrejo
1000 3881 1136 3963 egenti.“
1184 3881 1258 3946 Scio

128 3965 286 4046 expediet.
332 3963 411 4028 Nam
448 3965 541 4030 Cotiu
576 3972 747 4031 contentus
780 3967 838 4031 erit
871 3966 990 4029 tabulis
1024 3966 1203 4049 obsignatis
1226 3973 1259 4031 et

127 4072 234 4113 annua
258 4051 318 4112 sibi
343 4051 471 4132 colliget
493 4053 562 4116 loco
585 4075 699 4117 usurae
722 4059 755 4117 et
776 4053 879 4117 amico
902 4052 1144 4133 gratificabitur,
1170 4074 1257 4135 prue-

128 4173 176 4180 ..-
191 4173 332 4179 ----.-...

195 4233 209 4261 ι
223 4219 427 4285 pontificialibus
449 4217 560 4287 Gripus„

197 4289 247 4340 ¹8.
276 4290 323 4340 obl
351 4291 382 4342 rt.
401 4290 425 4341 4.
496 4289 665 4356 *Gregorius
691 4287 726 4355 S,
753 4288 800 4341 dor
825 4287 942 4341 Maiuzor
968 4286 1067 4351 Scriba,
1095 4303 1183 4355 wogun
1212 4288 1259 4340 dos

128 4356 302 4424 Wortspicies
320 4357 439 4423 gregaria
459 4368 544 4424 puoua
561 4358 588 4409 in
605 4357 649 4412 Br.
668 4356 717 4409 481
738 4361 860 4423 genennt,
877 4357 933 4408 auid
951 4356 1009 4408 hier
1025 4371 1070 4423 gru
1088 4355 1159 4408 arius
1183 4371 1258 4423 pono,

127 4426 174 4478 dus
198 4424 319 4501 augleich
344 4425 427 4478 Gouit.
449 4441 499 4478 run
517 4442 603 4494 penna
621 4427 675 4479 und
694 4424 780 4479 Ablat.
799 4441 851 4478 sou
869 4424 943 4492 penis
962 4425 1019 4477 scin
1036 4371 1094 4477 soli.
1130 4425 1258 4477 Dussolbc

127 4495 306 4560 Wortspiclm
320 4493 361 4546 Br.
381 4495 440 4545 514.
477 4494 617 4562 Uuricbtig
629 4493 712 4547 daher
724 4494 830 4562 Goiger:
848 4493 991 4562 gregarius,
1010 4508 1075 4560 peno
1094 4493 1137 4561 (-·
1156 4495 1257 4562 paene).

163 4563 209 4613 ΒΥ
229 4564 245 4616 l.
265 4561 291 4613 S.
310 4563 360 4613 54?
381 4565 410 4615 Α.
429 4563 453 4614 3,
524 4564 535 4595 ⁴
552 4562 601 4615 Ein
620 4562 738 4615 Eriurtsr
756 4562 904 4626 Schreiber,
917 4560 1103 4629 Vorgesctater
1120 4549 1270 4622 desburc-

127 4630 186 4683 hus.
212 4580 239 4685 S
260 4631 314 4682 211-
328 4632 360 4684 A.
379 4630 403 4682 3.
457 4628 560 4683 ⁶Nooh
579 4631 703 4687 initum.
730 4631 831 4687 asos
853 4632 930 4684 M.
980 4622 1296 4704 WebS-WMQW

164 4697 358 4766 'Sdmmuriug
395 4698 421 4751 S.
441 4697 493 4754 239
510 4703 543 4757 A.
564 4703 587 4756 6.
662 4701 804 4757 ⁸0ffia'1at
818 4702 855 4755 (i.
872 4697 1014 4754 osmund.
1044 4690 1156 4747 SJK&
1178 4691 1213 4735 a.
1228 4683 1261 4730 ὶ.

1024 4758 1104 4827 *ab*
