2774 4966
418 39 1380 274 -

458 105 464 125 .

120 605 184 669 584
540 600 624 653 serere
643 601 689 653 nes
707 600 731 653 J.
757 601 831 656 1515.

124 775 197 839 ticis
224 773 333 837 desum
359 773 566 836 muneribus?
603 771 911 836 Certenondesum.
951 770 1107 834 Mentitur
1130 769 1260 834 nebulo.

122 860 238 923 Rarius
273 859 349 922 foris
383 881 470 936 ceno,
506 859 580 939 quia
614 857 859 941 'tranquillitate
896 861 1067 920 contentus
1099 875 1262 937 nusquam

121 945 253 1009 liberius
283 942 355 1007 rivo
388 966 482 1025 quam
516 944 609 1007 domi.
658 943 757 1007 Nemo
790 948 896 1006 tamen
928 942 1017 1017 vivit,
1041 940 1091 1004 cui
1114 961 1179 1005 non
1203 939 1263 1004 ob·

121 1031 247 1094 tulerim
285 1030 444 1111 egregium
481 1029 599 1092 donnm
636 1033 767 1093 vocatus
801 1028 982 1092 solenniter.
1030 1025 1124 1108 Lege,
1158 1030 1262 1108 pater,

122 1116 191 1198 lege
214 1115 272 1177 lias
294 1115 426 1178 fratrum
451 1114 569 1190 literas,
603 1114 720 1196 quibus
749 1114 829 1177 duos
858 1133 970 1177 aureos
997 1111 1132 1176 mittam.
1179 1110 1262 1174 ltem

122 1201 267 1283 proximo
291 1200 340 1262 die
364 1200 472 1267 Lunae
501 1220 653 1280 germano
677 1200 804 1262 ilenrici
826 1197 960 1262 Rhanis¹
985 1201 1147 1261 vetustum
1176 1195 1263 1260 dabo

122 1287 286 1361 florenum,
310 1307 402 1366 quern
423 1286 548 1348 ostendi
564 1290 620 1347 tuo
637 1283 869 1348 contubernali.
909 1283 966 1347 Die
983 1282 1066 1346 Solis
1088 1282 1263 1364 praeterita

125 1392 208 1435 novo
232 1370 389 1433 sacerdoti
412 1392 528 1433 munus
551 1371 714 1450 copiosum
733 1370 885 1452 praestiti.
934 1367 988 1431 Sic
1004 1389 1127 1451 semper
1142 1367 1265 1449 largior

127 1461 160 1520 et
181 1451 387 1518 nihilominus
404 1455 485 1518 fatui
503 1455 591 1518 fatua
607 1456 792 1535 loquuntur,
809 1459 845 1518 ut
861 1455 966 1534 inquit
988 1453 1109 1516 Esaias.
1147 1451 1264 1517 Testor

127 1541 203 1604 deos
217 1547 247 1603 et
261 1541 404 1603 homines
424 1539 502 1603 mihi
520 1562 581 1602 non
602 1541 724 1621 placere
740 1539 845 1603 Meros
859 1545 891 1602 et
902 1540 1079 1619 gregariam
1096 1535 1263 1621 pennam.²

126 1625 257 1690 OMori
281 1625 395 1688 insulsi
418 1631 450 1688 et.
474 1625 634 1689 difficiles!
664 1647 819 1708 openna,
849 1625 967 1706 penna!
1015 1623 1119 1687 Audes
1142 1629 1177 1687 tn
1202 1623 1265 1688 Ur·

125 1711 244 1775 banum
280 1711 508 1775 contemnere?
558 1711 626 1785 Dic,
650 1712 769 1792 qnare?
821 1710 953 1774 Statura
987 1709 1075 1772 brevi
1109 1713 1166 1772 ast.
1219 1709 1265 1774 At

124 1795 206 1860 tales
241 1796 373 1859 consilio
401 1801 432 1861 et
457 1796 577 1878 jndicio
611 1796 740 1878 pollent.
788 1796 883 1859 Amat
917 1796 1029 1859 doctos
1056 1799 1088 1859 et
1115 1793 1264 1859 Mutiano

124 1882 221 1945 favet.
268 1881 329 1945 Sed
361 1882 412 1945 lric
444 1881 521 1944 nihil
554 1888 603 1944 est
626 1881 746 1963 culpae.
795 1881 864 1944 Nisi
899 1887 1022 1955 acutus,
1057 1880 1195 1944 disertus
1229 1883 1265 1943 et

126 1968 247 2049 peritus
284 1968 500 2047 antiquitatis,
537 1988 599 2030 non
636 1967 755 2029 faveret
792 1967 947 2030 Mutiano.
1004 1966 1089 2029 Haec
1123 1970 1172 2030 est
1206 1965 1264 2029 illa

124 2053 236 2135 copula
257 2051 493 2127 familiaritatis
510 2074 592 2133 qnae
610 2074 676 2127 noe,
693 2076 711 2116 o
729 2074 841 2133 penna,
859 2075 972 2134 penna,
986 2052 1157 2115 connectit.
1193 2050 1265 2115 Hoc

125 2139 363 2202 sanctissimum
399 2138 564 2201 vinculum
603 2137 766 2201 Urbanum
802 2143 834 2200 et
867 2137 1047 2200 Mutiannm
1085 2136 1263 2218 colligavit.

125 2223 207 2300 Quid
242 2223 411 2305 pluribus?
456 2223 506 2287 Sit
537 2224 610 2287 licet
641 2229 753 2286 ornata
787 2229 842 2285 tna
877 2244 991 2305 penna,
1026 2223 1119 2305 longe
1152 2227 1262 2286 tamen

125 2309 347 2391 praestabilior
363 2315 395 2371 et
412 2309 563 2372 celebrior
587 2309 678 2384 foret,
702 2309 727 2371 si
752 2312 878 2372 nostras
895 2308 1025 2372 delicias
1042 2328 1262 2390 cognosceres,

124 2394 173 2457 vel
196 2394 309 2457 saltam
337 2402 374 2458 ut
404 2395 542 2477 prudens
574 2396 620 2458 vir
651 2417 714 2458 non
746 2398 964 2457 contemneres
1000 2394 1084 2476 quod
1118 2394 1261 2474 ignoras

124 2480 235 2544 Dicam
252 2480 388 2562 amplius
412 2481 526 2544 adhuc.
573 2479 675 2543 Notus
691 2487 760 2543 erat
776 2479 889 2543 Henno
909 2477 1122 2544 Stormdorff.⁸
1160 2477 1263 2543 Nemo

126 2566 268 2648 equitum
305 2567 470 2637 vrrlentior,
503 2567 663 2642 audacior,
698 2567 754 2649 qui
787 2570 948 2628 extremae
979 2565 1044 2646 jam
1084 2565 1263 2628 senectutis

125 2651 300 2715 Fnldenses
336 2652 415 2714 male
450 2653 579 2715 vexavit
612 2658 644 2713 et
679 2651 855 2732 complures
889 2653 1012 2714 terruit.
1058 2651 1183 2714 Dicitur
1213 2652 1263 2714 in-

126 2737 290 2800 credibilia
306 2738 379 2800 olim
400 2743 553 2818 patrasse,
566 2738 710 2800 infinitos
729 2738 891 2800 occidisse.
927 2736 1042 2800 Paucis
1058 2740 1133 2799 anta
1148 2736 1264 2800 diebus

126 2822 293 2886 confossus
327 2827 377 2885 est
411 2825 535 2904 egregie
573 2845 719 2906 pugnans
742 2823 783 2885 ab
806 2824 913 2903 equite
933 2821 1071 2902 quodam
1105 2821 1262 2886 Fuldauo.

127 2908 283 2984 Quorsum
319 2907 400 2971 hoc?
446 2909 565 2990 Nempe
590 2912 624 2970 ut
649 2909 761 2983 discas,
786 2930 804 2972 o
827 2909 973 2990 gregaria
1006 2930 1121 2990 penna,
1155 2908 1264 2990 parvis

128 2994 231 3056 inesse
265 2994 392 3057 nativas
427 2994 527 3073 doteS,
562 2994 680 3074 quibus
715 2993 871 3057 mirabilia
908 2993 1061 3057 efficiunt.
1120 2992 1264 3057 Possunt

128 3078 249 3142 viribus
279 3079 347 3142 niti.
394 3079 506 3144 Omnis
537 3081 619 3143 enirn
645 3081 746 3143 visin
772 3085 907 3160 pectore.
954 3079 1093 3143 Possunt
1126 3078 1262 3143 consilio

127 3164 300 3247 providere,
315 3166 425 3228 amicis
439 3165 600 3248 opitulari,
614 3165 751 3247 denique
765 3169 928 3246 praestant
941 3166 1120 3229 staturosis.
1155 3164 1263 3241 Quid?

128 3272 233 3314 nonne
257 3272 373 3331 par'vus
397 3257 464 3314 erat
488 3250 727 3326 StormdorttuS,
752 3273 880 3332 corpore
904 3251 1031 3333 quidem
1056 3273 1181 3333 parvus,
1205 3251 1262 3314 sed

127 3336 233 3398 animo
251 3336 435 3399 maximus?
482 3337 518 3398 nt
536 3337 609 3399 talis
626 3344 674 3399 est
691 3337 839 3400 Urbanus
863 3337 997 3399 dilectus
1022 3359 1118 3413 nreuS,
1143 3335 1262 3400 saliens

129 3422 160 3483 in
195 3422 359 3485 montibus
394 3428 430 3484 nt
463 3422 636 3504 capreolus.
700 3422 783 3483 llaec
822 3423 1079 3485 commemoratio
1118 3421 1263 3504 deposcit

130 3506 277 3586 elogium.
317 3507 352 3569 ld
370 3507 494 3582 faciam,
511 3513 621 3589 postea
638 3529 732 3587 qnam
750 3507 940 3571 valedixero.
979 3507 1072 3570 Nunc
1088 3507 1262 3589 petendum

128 3591 261 3668 videtur,
294 3597 330 3654 ut
357 3592 521 3656 Eobanum
554 3615 748 3675 promoveas.
794 3593 926 3668 Institit,
957 3593 1046 3667 ursit,
1079 3593 1184 3673 coegit
1213 3615 1263 3656 rne

128 3678 194 3739 suis
218 3677 317 3740 literis
341 3686 372 3739 et
399 3678 552 3758 precibus,
577 3685 612 3740 nt
635 3700 668 3741 se
691 3678 942 3740 commendarem
974 3677 1166 3752 Hereburd0,
1196 3700 1263 3741 am-

130 3762 272 3843 plissimo
296 3763 374 3825 viro.
420 3762 517 3845 Cupit
539 3764 672 3845 adipisci
697 3762 873 3845 collegium.
920 3763 1058 3839 Scimus,
1083 3768 1204 3845 quanta
1220 3763 1264 3825 sit

128 3849 304 3910 auctoritas
333 3848 516 3910 Herebordi.
566 3851 683 3911 ductor
719 3849 776 3911 liat
808 3848 943 3918 senatui,
980 3853 1015 3910 nt
1048 3854 1264 3929 consequatur

130 3935 308 3996 communis
325 3935 455 4008 anricus,
473 3934 556 4013 qnod
574 3932 732 3996 affectat*
778 3932 812 3995 Si
836 3934 1021 4011 obtinuerit,
1046 3939 1147 3997 totam
1171 3955 1263 3997 snam

129 4018 319 4100 dignitatem
344 4023 376 4080 et
398 4018 505 4081 illusas
529 4023 561 4081 et
584 4018 719 4081 salutem
745 4018 926 4081 Herebordo
956 4023 1118 4100 acceptam
1149 4018 1264 4082 reterre

128 4103 232 4166 debet.
272 4103 487 4166 Hereburdnm
507 4105 639 4167 habebit
656 4105 687 4166 in
705 4126 757 4166 ore
774 4109 805 4166 et
821 4127 927 4167 aurore
946 4111 1106 4185 perpetuo.
1148 4103 1263 4166 Darem

128 4189 245 4265 literas,
275 4189 329 4250 sed
360 4190 492 4252 timidus
516 4212 584 4252 snm
609 4196 641 4252 et
663 4190 786 4252 coartior
811 4189 881 4269 plns
906 4211 1017 4270 aequo.
1064 4189 1265 4271 Suspicionis

203 4327 208 4354 ¹
229 4324 254 4377 S.
273 4324 323 4375 517
342 4325 373 4375 A.
392 4325 416 4376 ῠ.
453 4324 506 4375 lter
524 4323 628 4375 Bruder
652 4323 788 4376 viennens
810 4323 971 4377 Thesibins't
1006 4323 1031 4377 S.
1050 4322 1101 4376 383
1119 4325 1150 4376 A.
1170 4322 1193 4374 2.

166 4394 175 4425 ²
194 4390 380 4445 Vertichtliche
399 4391 585 4458 Bezeiclrnung
604 4392 650 4444 des
669 4392 761 4445 Scriba
779 4391 951 4460 (Bartholus).
1006 4391 1088 4444 ³Der
1105 4391 1157 4446 Tod
1176 4391 1265 4444 dieses

130 4460 344 4513 Iteitersrnanncs
362 4460 426 4511 nird
446 4464 519 4512 sonst
535 4460 610 4512 nicht
630 4460 768 4512 boriclrtct.
804 4460 840 4512 Er
857 4461 899 4512 tiel
920 4461 945 4512 in
965 4461 1011 4512 der
1029 4460 1118 4513 Fehde
1131 4459 1264 4512 znisclrsn

130 4528 318 4652 gerpgpldAuupl
328 4527 601 4583 Fulminis-1515.
629 4529 772 4591 Broner,
791 4529 919 4597 Antiquit.
939 4528 1011 4582 Fnld.
1026 4545 1049 4598 p.
1063 4528 1120 4580 333.
1175 4528 1264 4598 ‘Vgt
