2774 4966
453 67 455 74 l

567 641 673 695 blutian
693 657 728 694 an
748 635 850 695 Urban.
1206 633 1269 699 475

140 813 234 878 uobis
256 811 402 875 Duronii'
430 811 519 876 lavor
541 814 573 875 in
598 816 696 887 tuam,
722 810 856 886 Urbane,
887 811 1023 892 gratiam
1055 810 1268 890 praeparetur.

141 900 215 963 Heri
239 897 285 961 lui
308 898 340 960 in
364 898 540 961 ambitione
564 904 595 960 et
618 899 667 979 egi
691 919 760 960 curn
786 901 900 960 senatu
923 895 1019 976 hujus
1043 893 1139 958 urbis
1185 891 1268 956 Cou-

141 987 294 1047 venerant
318 984 541 1064 competitores
564 1005 693 1046 numero
710 985 861 1064 quinquo.
900 980 967 1062 Ego
983 1001 1087 1043 meum
1105 979 1268 1060 negotium

139 1070 256 1134 curavi.
316 1068 432 1131 Restiti
466 1069 544 1142 aliis,
580 1070 633 1130 ssd
673 1066 880 1151 Brengbirus²
916 1066 992 1130 mihi
1028 1065 1090 1128 fuit
1122 1064 1268 1142 infestus

141 1156 225 1218 haud
249 1153 344 1216 dubie
370 1176 539 1236 persuasus
562 1177 580 1216 a
603 1155 755 1217 Lotianis.
804 1154 880 1216 Nam
906 1159 937 1216 et
960 1154 1027 1233 ipso
1050 1156 1083 1214 et
1104 1151 1154 1214 sui
1170 1149 1269 1213 babe-

141 1241 219 1305 bant
242 1239 400 1306 clientem.
425 1263 443 1301 n
466 1263 530 1321 qun
554 1247 645 1303 erant
669 1241 801 1321 pecunia
818 1238 994 1304 subornati.
1034 1237 1108 1300 ldeo
1124 1235 1269 1299 acerbius

141 1327 302 1407 urgebam.
349 1324 463 1388 Vellem
504 1327 648 1389 audisses
686 1326 889 1406 asperitatem
928 1345 1038 1386 meam.
1084 1321 1157 1384 Misi
1195 1325 1269 1384 {inte

139 1413 319 1476 contionem
345 1410 521 1474 Fabianum
546 1411 630 1474 bunc
653 1417 863 1492 quaestorem,
890 1410 989 1472 virum
1013 1408 1210 1491 prudentem,
1227 1407 1268 1470 ad

52 1558 58 1571 ,
140 1496 359 1577 Brengbirunr,
398 1501 434 1560 ut
467 1496 579 1559 leniret
614 1497 750 1559 hominis
788 1496 1053 1559 malevolentiam.
1099 1493 1162 1556 Sed
1197 1514 1267 1555 cum

140 1582 350 1646 animadverti
376 1604 436 1645 non
461 1604 553 1664 posse
577 1603 646 1644 euni
671 1583 765 1658 flecti,
789 1583 889 1645 sumsi
916 1580 1081 1645 audaciam
1105 1583 1138 1641 et
1161 1599 1268 1659 preces

139 1691 225 1732 meas
248 1667 369 1730 tuebar.
418 1667 499 1744 Quid
529 1667 664 1731 multis?
708 1667 846 1731 Senatus
870 1667 977 1749 rejecit
1000 1663 1266 1746 Brengbirianum

141 1756 306 1836 petitorem
341 1760 374 1814 et
407 1754 544 1817 contulit
582 1754 768 1816 beneficium
804 1755 834 1815 in
875 1773 1044 1835 pauperem
1081 1757 1113 1812 et
1149 1750 1266 1813 bonum

140 1840 285 1903 clericum
310 1839 451 1919 mihique
474 1840 568 1902 tidem
600 1839 687 1901 dedit
719 1844 903 1903 vacaturum
938 1838 1003 1901 lora
1039 1858 1151 1910 meum.
1198 1835 1269 1901 Tuli

139 1947 208 1988 eam
232 1925 425 1988 sententiam
449 1947 550 2006 aequo
574 1925 690 2000 animo,
708 1927 854 2005 quamvis
870 1923 990 2007 gratias
1007 1945 1070 1989 non
1088 1922 1147 2002 egi.
1187 1921 1267 1985 Nam

39 2012 52 2032 ⁰
140 2012 200 2074 etsi
234 2033 384 2093 praesens
418 2011 523 2074 futuro
559 2011 679 2086 melius
715 2012 790 2093 quia
820 2012 947 2087 certius,
979 2016 1086 2074 tamen
1113 2007 1196 2071 ratio
1220 2029 1269 2071 me

141 2097 248 2167 movit.
266 2097 350 2178 quod
365 2108 379 2135 ¹²
402 2095 589 2159 beneficium
610 2118 708 2178 nuper
723 2103 791 2160 erat
807 2097 975 2160 fundatum
992 2118 1011 2159 a
1027 2114 1134 2158 socero
1152 2092 1270 2174 Breng·

142 2183 208 2246 biri.
244 2181 350 2244 Habes
366 2183 601 2245 contentionem
619 2205 730 2245 meam.
767 2180 1153 2264 Exspectauifereoctob
1176 2181 1269 2246 aunis

140 2273 171 2331 et
188 2268 292 2332 adhuc
315 2277 476 2350 exspecto.
522 2267 556 2332 Si
580 2269 705 2344 moriar,
728 2268 808 2332 satis
832 2269 939 2333 habui.
985 2266 1019 2332 Si
1043 2268 1196 2331 moriatur
1220 2267 1269 2333 vel

141 2351 342 2434 Henningus¹
366 2354 414 2416 vol
437 2351 574 2431 Lotius,⁴
605 2360 706 2418 voto⁰
733 2355 846 2436 potiar.
892 2354 1004 2436 Neque
1034 2354 1117 2416 enim
1147 2355 1270 2418 mutare

138 2440 267 2524 poterit,
282 2440 296 2478 ‘¹
316 2440 501 2503 consulatus
519 2461 591 2503 cum
607 2441 773 2504 universus
787 2451 800 2480 ⁶
816 2441 996 2506 assenserit.
1036 2438 1130 2503 Pater
1145 2438 1268 2503 noster*

140 2527 231 2609 (quid
266 2531 355 2607 pater
388 2524 518 2590 noster?
555 2527 601 2590 ita
639 2526 826 2610 appellatur,
861 2531 894 2591 et
926 2531 1016 2592 tenes
1052 2522 1142 2608 rem),
1179 2529 1270 2605 pater

139 2617 248 2677 noster
280 2612 410 2693 inquam
447 2610 568 2676 nullum
601 2612 653 2676 hic
687 2613 805 2689 venale,
842 2612 927 2696 quod
962 2613 1093 2695 placeat.
1151 2607 1186 2673 Si
1219 2633 1269 2675 me

139 2720 237 2774 amas,
271 2720 338 2759 eme
363 2698 454 2761 nobis
481 2698 586 2778 isthic,
610 2703 646 2762 ut
669 2696 823 2763 amuleto⁸
853 2699 1028 2764 cohaereat.
1074 2696 1177 2762 Unu‘
1208 2699 1270 2759 trin

142 2803 236 2858 utrm
268 2787 362 2844 trtrln
391 2787 544 2859 rothanum
567 2787 635 2858 erin,
658 2806 689 2846 su
714 2786 802 2864 trutrt
823 2789 924 2860 incrta
951 2786 1061 2863 datheo
1087 2784 1168 2848 strlu.
1213 2775 1268 2864 jd)

139 2871 186 2930 nit
209 2888 272 2944 grtn
297 2869 373 2929 tinen
396 2873 495 2941 pulum
525 2872 614 2942 nrbrn.
661 2869 737 2934 Sine
771 2869 924 2934 dilatione
957 2869 1149 2933 mittendum
1184 2890 1268 2933 cura.

144 2953 357 3018 Satistaciam.
402 2951 479 3016 Volo
496 2955 579 3018 enim
603 2955 721 3021 donare
744 2959 776 3019 et
798 2956 892 3020 simul
910 2977 929 3020 a
945 2954 1155 3038 Degeubardo
1170 2976 1271 3020 novas

144 3038 252 3104 literas
274 3039 315 3137 ad
338 3043 485 3107 senatum
508 3039 687 3124 impetrare,
710 3046 747 3107 ut
769 3043 869 3106 velint
891 3040 997 3107 nolint
1013 3046 1169 3123 cogantur
1185 3045 1270 3108 stare

139 3147 311 3208 promissis.

244 3210 340 3274 Venio
364 3211 403 3273 ad
427 3211 544 3276 studia.
590 3211 687 3277 Miror
709 3234 764 3277 cur
787 3212 990 3279 llerebordus
1012 3211 1133 3279 oblitus
1155 3213 1199 3277 sit
1214 3216 1272 3277 aut

140 3296 285 3360 oblivisci
304 3297 405 3376 possit
421 3296 556 3375 Eobani,
572 3302 737 3380 poetarum
755 3300 915 3382 principis.
961 3299 1063 3374 Dices,
1080 3295 1281 3382 hospitium'-

140 3406 208 3445 esse
231 3384 263 3445 in
293 3403 398 3444 causa.
444 3382 506 3446 Sed
538 3406 640 3466 neclue
671 3385 798 3448 allinern
832 3386 961 3449 deberet
987 3386 1149 3467 aspernari
1175 3385 1270 3467 juxta

139 3468 231 3531 illud:
259 3467 324 3545 ,Nc
347 3467 428 3531 nulli
450 3469 587 3550 placeas,
611 3470 684 3534 dum
710 3471 758 3534 vis
779 3476 979 3535 contemnere
1013 3469 1160 3536 multos.“
1208 3471 1270 3536 Ra-

143 3555 235 3617 mitte
259 3554 368 3617 literas
391 3554 509 3635 Petreji
530 3559 563 3618 et
586 3555 697 3619 Annae
713 3555 841 3621 viduae⁸
859 3562 892 3622 et
906 3556 1116 3639 Triumphum
1130 3555 1271 3622 Neocli!

138 3637 361 3703 Nitbardum¹⁰
389 3639 433 3703 dii
461 3641 605 3722 perdant.
652 3641 687 3705 Si
710 3641 860 3706 Russus¹'
893 3642 1073 3722 decesserit,
1103 3642 1269 3709 dubitabo.

208 3911 298 3978 aquia
320 3909 392 3964 Tcnr.
466 3915 550 3964 bocto
569 3913 622 3964 loro
642 3911 719 3963 Pena.
791 3913 886 3972 euotis
912 3913 986 3966 Tana.
1058 3913 1170 3981 dpotuit
1196 3913 1270 3968 Tenc.

139 3979 295 4032 0univorsis
317 3979 389 4030 Tene.
463 3980 546 4032 sWn.

210 4048 295 4099 ¹Abt.
333 4047 359 4100 S.
381 4050 429 4100 los
448 4051 477 4100 il.
501 4050 522 4100 l.
594 4048 796 4101 ²‹jiochaiscncr
814 4049 947 4104 Rutsherr.
984 4051 1009 4104 S.
1030 4050 1080 4103 222
1099 4053 1128 4105 A.
1148 4052 1171 4103 4.
1199 4039 1272 4104 Uber

138 4115 181 4167 die
200 4115 323 4179 Plriindc.
344 4132 391 4167 um
410 4116 452 4169 dio
470 4116 528 4168 sich
547 4116 646 4168 llutian
666 4117 780 4180 benoth,
798 4118 850 4184 rgl.
870 4119 896 4172 S.
914 4120 966 4173 460
984 4123 1015 4171 A.
1036 4121 1075 4172 15.
1147 4118 1269 4173 ³Goede.

139 4183 197 4237 Von
216 4184 333 4236 Mutians
351 4184 515 4251 Bcu‘crbuug
534 4201 579 4236 um
598 4185 691 4238 dosson
712 4185 834 4239 Plriindc.
862 4186 887 4239 S.
902 4187 952 4239 222
969 4191 1001 4240 A.
1014 4187 1039 4240 8.
1094 4187 1269 4241 18.38Α.4.

174 4256 184 4284 ⁵
231 4277 233 4279 ·
254 4252 427 4306 llosonlnunz.
456 4253 600 4315 llalskcttc,
628 4271 688 4327 auru
713 4254 867 4307 (leschcnko
894 4256 936 4308 li'u·
961 4255 1101 4361 Plellinger
1125 4256 1269 4324 bestimmt,

137 4337 188 4373 aus
206 4321 302 4374 Aulass
321 4337 372 4373 ron
390 4321 484 4374 desseu
502 4321 637 4374 Hochzeit.
674 4325 699 4374 ὃ.
718 4323 770 4374 472
788 4326 818 4377 Α,
839 4325 862 4375 2.
932 4324 1003 4377 ⁶Br.
1023 4324 1081 4377 38⁶..
1154 4323 1269 4379 'Eoban

138 4406 192 4442 war
220 4390 261 4442 bei
283 4389 319 4441 H.
344 4389 488 4449 Eborbach,
515 4389 648 4444 Herhords
674 4391 859 4453 Vernandteu,
887 4393 1046 4460 cingohehrt.
1082 4393 1107 4445 S.
1127 4391 1178 4446 462
1195 4398 1226 4445 Α.
1244 4392 1269 4446 8.

137 4449 211 4524 Uber
238 4459 285 4511 das
314 4458 449 4511 schlechto
477 4458 691 4512 Eiurernehnieu
721 4461 853 4514 awisohen
883 4461 1020 4514 Ebcrbach
1054 4462 1109 4514 und
1142 4460 1268 4515 Horbord.

137 4526 327 4582 amana.
399 4527 613 4580 ⁸S.·172h.3.
684 4528 900 4583 Β8.461Α.3,
973 4529 1198 4585 ¹⁰S.268A.3.
1234 4529 1272 4583 ur

138 4594 363 4664 vernachlrtssigts
395 4594 527 4663 spalmus
558 4596 689 4650 Interesse
718 4597 803 4651 durch
832 4598 1019 4669 Verzbgeruug
1047 4599 1094 4654 des
1123 4597 1269 4656 Plriiudeu-

137 4663 257 4733 diploma.
294 4663 320 4717 S.
338 4663 389 4717 429
408 4666 438 4719 A.
457 4664 482 4719 3.
555 4666 575 4697 ¹¹
593 4663 619 4718 S.
638 4666 689 4720 463
706 4667 737 4721 Α.
757 4667 782 4720 7.
