2774 4966
515 622 608 678 Urbes
626 639 662 678 an
680 623 812 694 spalatin.
1170 609 1232 688 145

121 790 225 873 loquor.
270 792 405 870 Quando
419 807 434 835 ⁸
455 817 506 859 me
528 796 610 861 ratio
633 795 828 861 coenobialis
851 795 991 860 desidiae
1013 795 1098 858 intra
1121 793 1231 857 cellam

123 878 217 955 tenuit,
227 878 358 943 videbar
374 885 503 945 veterno
520 880 682 957 laborare;
698 882 862 945 concoctio
879 880 1119 963 impediebatur.
1133 878 1234 960 pallor

127 963 176 1026 imo
196 963 278 1028 luror
300 984 400 1045 genas
430 967 618 1048 occupabat.
664 966 747 1030 Male
769 967 924 1035 valebam,
953 965 1097 1047 jacebam
1121 966 1153 1027 in
1177 963 1233 1027 cli·

129 1047 229 1111 nidio.b
276 1047 359 1113 Ecce
393 1050 537 1114 diutinus
570 1060 678 1133 torpor
715 1052 915 1114 hebetabatc
953 1051 1049 1113 robur
1082 1050 1231 1131 corporis,

131 1132 239 1212 vigorem
264 1135 394 1216 ingenii.
441 1135 523 1213 Quid
546 1138 680 1199 multis?
727 1138 840 1199 Actum
859 1143 942 1199 esset
965 1137 1003 1198 de
1018 1135 1148 1198 Urbano
1167 1140 1232 1210 tac,

132 1217 178 1279 nisi
198 1219 259 1300 jugi
297 1225 385 1283 motu
422 1227 454 1283 et
484 1223 661 1302 agitatione
695 1224 835 1303 corporis
868 1221 1014 1284 abstersa
1047 1221 1234 1300 rubiginosa

137 1302 317 1367 melancholia
342 1305 456 1369 bonam
482 1306 693 1370 valetudinem
719 1328 961 1388 recuperassem.
1007 1305 1110 1369 Probe
1126 1309 1234 1367 monet

134 1383 267 1452 Horatius:
301 1389 459 1471 „Vitanda
481 1397 532 1454 est
554 1392 697 1472 improba
725 1392 816 1455 Siren
845 1390 1017 1454 Desidia.“'
1065 1391 1163 1453 Verus
1185 1395 1234 1452 est

136 1468 239 1537 Ovidius
258 1476 291 1537 in
314 1496 352 1538 eo
383 1475 582 1557 potissimum
617 1478 787 1540 versiculo:
825 1477 997 1558 „Ignavum
1027 1480 1235 1558 corrumpunt

136 1555 305 1641 othmrpns,
327 1559 369 1623 Et
391 1561 522 1643 capiunt
545 1562 668 1638 vitium,
693 1563 725 1624 ni
742 1568 939 1640 moveantur,
955 1559 1103 1642 aquae.“²
1127 1560 1235 1623 Vitent

139 1639 282 1722 impuberes
304 1646 524 1709 assiduitatem
543 1651 575 1710 st
589 1653 758 1729 perpetuas
774 1646 1021 1710 auditiunculas.
1051 1645 1236 1707 Reformerrt

141 1729 193 1788 tuos
211 1728 274 1792 illos
296 1730 363 1793 otia
386 1733 586 1812 tempestiva,
611 1733 789 1795 subcisivae
811 1733 951 1795 lusiones
974 1736 1123 1793 recreent.
1162 1728 1233 1791 Non

139 1807 198 1872 liant
220 1820 316 1877 tecum
349 1817 524 1894 marciduli,
558 1817 743 1897 languiduli,
775 1818 945 1894 austeruli3
973 1815 1086 1878 laetad
1114 1814 1234 1877 indoles

142 1898 410 1963 ronconiundatur.
456 1899 595 1981 Sanguis
614 1901 773 1964 hilaritate
797 1907 926 1977 crescat,
951 1902 1111 1963 auferatur
1133 1900 1234 1963 tristis

142 1978 233 2071 siccans
252 2005 323 2048 ossa
346 1985 488 2066 spiritus.
534 1985 603 2049 Non
628 1995 757 2068 serpant
780 1989 881 2050 instar
904 1987 1036 2049 limacis.
1082 1985 1237 2047 Exultent

146 2081 282 2132 tumorem
308 2070 433 2151 leporis.
479 2070 565 2134 Rosa
587 2073 677 2152 virgo
708 2073 807 2136 libero
831 2072 918 2135 coelo
947 2072 1078 2134 fruatur.
1124 2069 1236 2145 Nocet,

144 2149 250 2225 proiecto
261 2160 353 2218 nocet
365 2156 544 2219 umbratica
556 2156 746 2233 lucubrati0,
760 2158 821 2220 nisi
834 2162 1031 2220 veternosam
1044 2156 1235 2237 gravitatem

144 2250 242 2325 amoena
262 2245 294 2302 et
315 2240 453 2304 subdiali
472 2241 601 2305 levitate
617 2249 648 2305 et
666 2243 864 2306 exultatione
887 2242 1041 2305 discutias
1057 2240 1105 2303 vel
1123 2241 1236 2302 saltem

146 2334 168 2411 lh
178 2325 364 2389 contubernio
381 2325 544 2408 classeque
556 2328 668 2409 puerili
686 2328 838 2391 ludicram
855 2331 888 2390 et
902 2327 1114 2408 voluptariam
1129 2336 1142 2365 ⁰
1157 2327 1238 2389 otio·

146 2408 238 2471 statem
260 2411 436 2493 permittas.
482 2412 619 2476 Proinde
643 2414 713 2476 vive
729 2414 832 2476 laetus
855 2413 980 2494 abjecta
997 2412 1182 2475 curiositate
1205 2416 1237 2473 et

145 2480 607 2579 faciliabreviculaquepraecipe.
638 2498 1004 2561 Remissionesadmitte.
1029 2496 1235 2560 Senecionem

145 2580 338 2667 oo'nremorde.
384 2580 633 2663 Fungatursuis
651 2583 804 2664 partibus.
839 2583 916 2646 Esto
940 2583 1050 2645 dulcis.
1094 2580 1237 2663 „Culices

144 2658 207 2722 acida
225 2669 344 2746 petunt,
367 2666 408 2729 ad
432 2666 536 2730 dulcia
557 2690 619 2731 non
636 2668 817 2732 advolant.“
865 2669 943 2744 Quis
966 2664 1069 2729 hoc‘?¹
1116 2666 1238 2728 Plinius

145 2736 158 2799 Ι·
173 2739 200 2806 Χ.
237 2749 303 2814 Non
327 2756 360 2815 te
382 2751 534 2826 lancinet,
557 2758 716 2835 torqueat,
746 2756 865 2816 cruciet
893 2754 1067 2816 intestinus
1095 2750 1237 2814 carnifex

145 2833 311 2923 aperientis,
334 2857 432 2918 quum
456 2837 536 2902 nihil
560 2859 751 2920 magnopere
774 2839 966 2920 culpandum
991 2837 1164 2900 admiseris.
1203 2835 1237 2898 Si

146 2914 197 2988 luri
214 2921 403 3002 cogitatione
424 2943 547 3003 peccas,
571 2923 602 2986 id
620 2924 794 2987 humanum
818 2925 954 2987 arbitror
970 2922 1152 2985 diluendum
1170 2943 1238 2984 rore

146 2990 285 3070 heodicio.
332 3007 447 3081 Habes,
470 3009 589 3090 optime
612 3007 787 3091 Spalatine
813 3032 913 3072 meam
931 3009 1133 3083 sententiam,
1157 3026 1238 3087 quae

146 3082 168 3141 te
183 3095 288 3153 revocet
310 3091 353 3154 ab
375 3098 467 3156 aest-u
491 3093 529 3156 ad
555 3092 758 3168 hilaritatem,
782 3095 822 3158 ab
839 3093 1039 3174 aegritudine
1062 3093 1100 3155 ad
1126 3091 1237 3154 alacri-

147 3168 224 3262 itiba
245 3176 285 3239 ab
308 3198 411 3240 errore
434 3179 466 3239 in
492 3179 589 3258 viam;
613 3180 672 3242 etsi
696 3203 798 3243 errare
822 3201 884 3242 non
909 3179 1022 3259 possis,
1053 3178 1079 3239 si
1104 3177 1238 3240 docendi

148 3255 265 3323 mironem
295 3261 337 3324 ad
366 3268 482 3325 certam
514 3265 605 3346 quasi
641 3286 782 3328 normam
819 3265 972 3328 direxeris
1005 3269 1100 3344 teque
1135 3263 1237 3343 ipsum

149 3344 278 3435 arpennis
300 3352 334 3409 et
348 3348 528 3410 ambitiosis
550 3348 714 3412 laboribus
730 3351 962 3424 exorreraveriS,
979 3349 1123 3411 modesta
1142 3346 1238 3409 collo-

148 3427 240 3491 cutione
260 3453 366 3495 senem
391 3432 608 3510 demulcendo
634 3458 695 3497 non
713 3436 843 3498 omnino
861 3440 1022 3497 contemta
1039 3434 1239 3512 vegetatione

148 3515 258 3589 arpotis.
302 3515 383 3580 Nam
418 3518 552 3583 velimus
579 3520 727 3594 nolimus,
756 3541 897 3601 organon
921 3521 1020 3582 animi
1044 3539 1158 3598 corpus
1180 3523 1238 3592 est,

148 3595 204 3668 l¹¹0d
222 3623 319 3684 aequa
342 3601 533 3683 placidaque
548 3610 654 3667 mente
672 3608 813 3686 rigescit,
830 3605 1015 3688 perturbata
1031 3602 1239 3677 contrahitur,

148 3681 213 3771 {ique
237 3688 279 3749 ita
306 3692 343 3751 ut
373 3689 553 3752 communia
585 3689 669 3753 bona
699 3691 846 3772 malaque
874 3690 1032 3773 possidere
1062 3687 1238 3750 videantur.

147 3752 204 3828 lale.
242 3771 323 3836 Data
345 3774 377 3836 in
403 3773 614 3838 conciliabulo
639 3776 777 3839 familiae
801 3776 1030 3849 Cisterciensis‚
1056 3775 1086 3835 in
1105 3794 1168 3853 qua
1192 3794 1240 3835 me

149 3839 287 3920 baronius·
310 3881 380 3921 esse
403 3858 514 3934 voluit,
537 3861 664 3924 ademta
694 3863 916 3943 procuratione
946 3860 1102 3935 coenobii,
1133 3863 1168 3921 ut
1191 3879 1240 3920 me

147 3928 243 4033 *hante
258 3951 288 4005 et
306 3944 373 4024 ipse
391 3944 539 4008 licentius
560 3953 789 4009 comessaretur
805 3969 842 4009 ac
858 3948 1010 4028 potitaret
1033 3951 1065 4007 et
1088 3946 1239 4006 versutis-

147 4035 196 4084 tlmr
209 4029 359 4106 parasitus
376 4034 529 4110 tanquam
547 4032 723 4112 praedones
740 4032 1002 4094 circumsilientes
1018 4031 1049 4091 in
1068 4035 1177 4093 nost-ra
1193 4051 1241 4091 re-

143 4104 241 4247 gublica
262 4112 393 4176 liberius
415 4121 644 4193 grassarentur.
691 4115 753 4180 Sed
778 4117 882 4180 veniet
906 4116 1073 4178 deformati
1096 4120 1128 4177 ct
1150 4114 1239 4177 stulti

162 4198 242 4260 uronii
268 4200 455 4262 reformator
479 4203 659 4270 acerrimus.
683 4204 883 4283 asperrimus.
930 4202 1019 4264 'l'unc
1042 4221 1111 4263 sero
1136 4202 1241 4282 cupiet

145 4277 250 4360 tupiter
272 4284 357 4348 lacta
381 4307 449 4348 esse
474 4286 600 4349 inlecta.
647 4288 722 4363 Nos,
746 4289 788 4350 mi
806 4288 981 4368 Spalatine.
1005 4308 1068 4349 non
1085 4285 1242 4348 calcemus

141 4373 293 4395 “Q—...-

186 4418 292 4481 ⁸Quum
309 4417 382 4470 rma.
427 4418 569 4471 bcliniclic
585 4418 658 4473 Terra.
704 4421 872 4473 eliabeteoor
887 4420 960 4471 Terra.
1003 4423 1151 4486 diaetaque
1168 4420 1240 4472 Terra.

187 4484 398 4553 0voluptuariam
421 4486 492 4538 Terra.

188 4550 314 4619 1ΒαιΙΙ,
333 4554 357 4619 3,
380 4555 412 4605 14
429 4570 468 4622 sq.
540 4555 643 4609 ²Nach
668 4557 744 4607 liviri.
769 4556 816 4622 Ep.
842 4572 874 4608 ex
900 4555 983 4610 Ponto
1007 4557 1028 4620 Ι,
1052 4559 1076 4621 ῦ,
1099 4558 1172 4622 hsq.

184 4619 332 4675 'tiemlich
349 4621 421 4678 dicit
492 4622 573 4676 ‘Dar
590 4625 650 4676 Abt.
669 4623 694 4677 S.
716 4624 764 4678 108
783 4627 813 4677 A.
836 4626 858 4679 1.

150 4699 274 4751 Emit
287 4708 317 4752 n.
329 4710 356 4751 P.
369 4709 448 4759 suppa
462 4711 503 4751 1x.
996 4692 1040 4758 10
