2774 4966
381 52 385 62 ι
463 39 1355 223 -

126 593 189 657 652
471 592 523 645 Der
542 590 688 660 gedruckte
708 589 901 646 Brietwechsel.

132 767 230 833 Erant
253 767 284 830 in
310 767 448 830 editione
471 766 618 842 secunda,
643 789 724 848 quae
747 787 858 829 nasum
882 765 1088 830 offenderent.
1132 764 1181 828 Ea
1202 786 1261 848 per

129 878 162 917 se
186 854 273 930 vidit,
298 854 345 916 uti
370 859 508 922 narrant,
539 853 786 934 quiesceretis
820 859 896 915 sunt
928 852 1058 916 homini.
1103 850 1187 928 Quid
1220 860 1259 914 tu

129 941 191 1005 tibi
220 940 328 1011 sumis,
360 939 527 1002 bardorum
560 938 740 1003 levissime?
784 937 865 1001 Tun*
903 938 1022 1002 Erasini
1057 942 1123 1002 tam
1159 936 1259 1014 docti,

129 1033 196 1090 tam
229 1026 304 1089 clari
336 1026 393 1088 viri
424 1026 533 1089 doctor
557 1025 653 1088 videri
678 1024 749 1087 vis?
793 1023 879 1088 Nihil
915 1025 993 1106 agis,
1028 1023 1258 1107 amentissime.

129 1113 261 1186 Dissuit,
286 1113 401 1194 inquis,
426 1113 606 1175 amicitiam·
654 1111 768 1185 Licuit,
796 1111 863 1174 lieri
885 1111 975 1175 solet.
1024 1109 1260 1174 Animadvertit

129 1205 161 1262 te
186 1220 346 1281 nunquam
370 1221 409 1261 ex
432 1199 538 1262 animo
561 1198 623 1261 sibi
648 1197 727 1260 bene
751 1197 897 1261 voluisse.
943 1197 1102 1262 Stolidum
1120 1196 1257 1261 bardum

130 1285 247 1367 rejecit,
279 1284 447 1348 leviculum
477 1289 508 1346 et
531 1285 676 1347 insanum
709 1284 936 1366 sycophantam
970 1284 1138 1347 admittere
1164 1304 1259 1346 recu-

130 1373 222 1437 savit.
247 1371 368 1435 cautior
392 1393 484 1453 quem
510 1371 614 1433 velles.
660 1370 751 1445 lllud,
783 1370 878 1437 barda
909 1369 997 1444 levis,
1028 1368 1259 1446 animadverte,

131 1481 179 1532 ne,
202 1460 275 1521 dum
300 1458 403 1520 saevis
426 1465 457 1519 et
479 1456 567 1519 clava
591 1457 696 1520 caedis
728 1457 902 1527 Erasmum,
933 1457 1056 1519 incidas
1084 1456 1125 1520 ob
1151 1456 1260 1538 impu·

131 1545 256 1607 dentem
290 1544 499 1606 temeritatem
531 1545 563 1606 in
595 1542 849 1625 Melampygum.¹
902 1542 937 1605 ln
969 1564 1032 1624 quo
1062 1543 1168 1607 omine
1200 1543 1260 1624 qui

130 1630 207 1693 mihi
232 1650 294 1692 non
318 1631 521 1702 assentiatur,
546 1630 701 1692 neminem
726 1629 866 1692 futurum
895 1627 1040 1693 arbitror.
1085 1629 1134 1692 lta
1161 1649 1259 1692 nemo

130 1721 188 1792 est,
206 1716 258 1798 qui
276 1715 476 1779 virulentiam
495 1738 556 1778 nori
575 1721 703 1778 accuset
717 1722 815 1793 tuam,
841 1716 1045 1778 insolentiam
1062 1737 1124 1779 nou
1142 1714 1259 1792 oderit,

130 1809 289 1884 stuporem
307 1809 339 1865 et
356 1804 567 1883 ignorantiam
586 1823 647 1864 non
666 1803 815 1865 derideat.
861 1801 932 1865 Jam
949 1801 1076 1865 lremuit
1094 1801 1259 1872 Hercules,

130 1889 258 1953 auditae
280 1892 356 1951 sunt
373 1889 453 1951 duae
469 1885 660 1969 apologiae.²
706 1887 788 1952 Vaeh
807 1888 877 1964 tibi,
902 1911 972 1952 oum
989 1895 1021 1953 te
1037 1889 1159 1952 tertia·
1184 1909 1260 1970 pro·

132 1982 266 2039 stratum
300 1978 407 2057 (quarn
440 1982 605 2057 expectare
632 1974 736 2056 jubet)
768 1977 879 2039 misere
911 1975 996 2038 velut
1028 1997 1134 2038 ursum
1170 1997 1259 2038 mur·

131 2066 307 2126 mutantem
341 2063 495 2125 conficiet..
541 2063 609 2137 Quo
638 2061 697 2125 tibi
720 2059 821 2133 tuus'
856 2060 940 2142 quod
975 2083 1055 2143 opus
1088 2060 1259 2125 venenatis

131 2148 281 2212 conviciis
312 2153 343 2211 et
372 2148 472 2210 foedis
509 2148 681 2211 mendaciis
719 2150 835 2230 passim
869 2149 1038 2228 asperseris
1069 2152 1101 2210 et
1130 2157 1259 2231 propter

130 2235 381 2299 malevolentiam
409 2234 558 2298 nonnulla
576 2234 694 2311 durius,
712 2234 928 2311 inhumanius,
945 2257 1038 2318 quam
1055 2234 1123 2298 lieri
1140 2234 1258 2312 decuit,

131 2344 170 2385 ex
187 2320 331 2403 Origene,
349 2320 584 2402 Chrysostomo,
607 2321 786 2402 Augustino
809 2321 1001 2403 protuleris?
1045 2320 1175 2385 ltlonere
1191 2320 1257 2386 zelo

130 2408 292 2490 religionis
316 2409 451 2471 volebas.
491 2408 573 2485 Quid
594 2408 711 2471 audio?
749 2407 810 2472 Sus
827 2408 998 2472 Minervam
1017 2408 1254 2481 docerevoluit,

130 2500 161 2559 et
178 2495 253 2577 quia
270 2517 329 2558 non
350 2501 438 2558 curat
460 2516 600 2558 muscam
625 2494 732 2577 aquila
756 2494 875 2567 volans,
899 2495 1128 2558 circumrodere
1151 2495 1257 2577 pergis

133 2604 193 2645 orta
216 2583 317 2645 instar
340 2581 474 2645 fabulosi
499 2580 685 2644 scarabaei*
731 2579 799 2644 Non
817 2586 888 2664 eget
911 2581 1059 2645 Erasmus
1084 2581 1131 2645 vel
1158 2581 1258 2645 hten·

130 2668 187 2732 sis⁵
219 2691 349 2731 censura
380 2668 426 2731 vel
460 2667 587 2730 hortatu
625 2668 809 2749 monituque
845 2668 931 2731 bardi
965 2668 1053 2740 levis,
1088 2668 1259 2731 turbulen-

130 2756 245 2819 tissimi
280 2754 458 2817 nehulonis.
507 2755 589 2816 llaec
622 2775 804 2836 expromere
838 2755 932 2818 libuit
967 2756 997 2818 in
1035 2755 1258 2818 testiinonium

130 2842 271 2926 perditae
294 2841 455 2911 audaciae,
479 2864 527 2918 ne,
551 2841 606 2924 qui
628 2840 808 2922 theologiae
836 2842 965 2906 classem
997 2841 1093 2905 isthic
1124 2841 1259 2918 ducunt,

131 2929 342 3012 persuadeant
372 2928 434 2992 sibi
458 2928 508 3009 pie
531 2935 563 2991 et
586 2950 656 2990 vere
687 2932 833 2991 taxatum
864 2927 1038 2992 Erasmum.
1072 2926 1142 3002 ·Tu,
1166 2932 1260 3010 pater

131 3016 263 3092 erudite,
287 3015 365 3078 satis
383 3015 582 3096 exploratum
599 3014 697 3077 habes
714 3015 878 3078 vecordem
895 3015 980 3077 hunc
996 3015 1259 3078 calumniatorem

131 3125 189 3165 nec
213 3102 380 3166 sacerdotii
404 3123 461 3164 nec
484 3100 660 3165 studiorum
684 3108 717 3164 et
739 3101 901 3169 doctrinae
919 3124 975 3166 nec
990 3101 1112 3165 fructus
1135 3101 1261 3167 studio-

131 3189 266 3253 sorumb
294 3188 444 3252 habuisse
466 3189 630 3265 rationem,
654 3187 708 3250 sed
733 3189 779 3252 ira
802 3193 834 3250 et
856 3188 929 3252 odio
961 3188 1202 3252 exstimulatum
1228 3193 1261 3252 et

131 3297 297 3339 accensum
324 3275 498 3357 cupiditate
529 3274 646 3356 gloriae
680 3273 790 3338 ulcisci
820 3275 867 3339 sui
903 3280 1129 3357 contemptum,
1164 3276 1260 3356 quasi

131 3384 194 3426 non
219 3363 262 3425 sit
284 3362 414 3444 impium
440 3369 471 3423 et
494 3361 679 3424 sceleratum
704 3367 735 3424 et
759 3360 911 3424 nefarium
937 3362 1080 3443 neglecta
1101 3360 1261 3425 charitate

132 3449 306 3512 christiana
350 3455 458 3511 tantas
495 3470 619 3510 movere
657 3448 836 3529 tragoedias
873 3449 978 3512 studio
1012 3448 1187 3529 jactantiae
1227 3454 1261 3512 et

133 3557 238 3598 amore
267 3534 434 3598 vindictae.
481 3535 561 3611 Quid
594 3534 690 3614 igitur
720 3534 848 3598 effecit?
878 3535 940 3599 nisi
963 3540 998 3598 ut.
1022 3535 1121 3598 bonas
1144 3533 1259 3597 volun-

132 3626 217 3685 tates
239 3620 394 3694 inlecisse,
419 3621 615 3700 depravasse,
640 3621 740 3684 bonas
756 3621 864 3684 literas
884 3643 1040 3692 onerasse,
1065 3620 1259 3703 depressisse

105 3716 108 3721 '
131 3708 284 3771 videatur.
330 3706 409 3771 Nam
434 3706 612 3770 Erasmicae
634 3707 784 3788 dignitati
808 3711 933 3771 tantum
951 3707 1042 3770 abest
1057 3711 1093 3770 ut
1108 3706 1258 3783 obfuerit,

133 3799 169 3857 ut
192 3795 288 3858 altius
311 3800 407 3875 caput
431 3794 555 3874 erigant
577 3792 730 3857 Erasmici
753 3792 840 3856 velut
870 3795 961 3857 tiores
984 3794 1022 3855 ad
1047 3793 1258 3856 meridianum

134 3881 230 3944 solem
257 3881 420 3943 nocturnis
443 3880 558 3962 pluviis
581 3880 753 3961 degravati.
799 3880 876 3956 Quis
899 3880 980 3942 enim
1005 3880 1106 3942 nostri
1136 3880 1259 3943 ordinis

134 3968 185 4035 (de
209 3967 343 4029 literatis
366 3966 489 4047 loquor)
514 3965 592 4028 levis
609 3965 697 4028 bardi
723 3967 902 4047 praestigiis
926 3967 1113 4029 exoculatus
1128 3988 1191 4028 nou
1208 3967 1259 4029 in-

135 4054 260 4133 telligat
293 4050 599 4131 mathaeologorum⁸
634 4052 787 4115 instinctu
822 4075 885 4114 rem
920 4053 1011 4133 geri?
1055 4050 1260 4116 Subornatus

136 4144 184 4202 est
207 4139 313 4221 procul
345 4139 442 4201 dubio
472 4139 616 4220 garrulus
640 4144 671 4201 et
694 4139 812 4202 stultus
843 4140 904 4200 istc
934 4140 973 4201 ab
1005 4138 1259 4202 lovaniensibus

202 4307 215 4332 a
229 4292 317 4343 tentia.
389 4296 401 4330 b
416 4290 560 4343 studimum
582 4290 692 4342 h'rnnsc.

205 4364 211 4392 ¹
232 4361 357 4428 spi-elne.
380 4385 384 4387 ·
429 4360 454 4411 in
474 4361 515 4412 die
534 4360 624 4411 lh'inde
644 4361 715 4412 eines
733 4360 852 4410 Sttirlunn
872 4363 984 4423 geruten.
1021 4359 1079 4428 l'gl.
1092 4359 1180 4413 sas.)
1194 4362 1222 4412 A.
1234 4361 1258 4412 3.

170 4430 283 4482 ²t'olon.
314 4432 379 4481 leto
407 4429 485 4481 Mira
556 4434 566 4459 ³
585 4429 664 4480 ll'ohl
691 4428 832 4496 elliptiseh.
860 4428 974 4481 neinlieh
1001 4445 1094 4481 seusus
1118 4427 1258 4495 (calathus)

134 4497 265 4552 aberravit
291 4500 353 4551 oder·
382 4499 435 4564 dgl.
507 4497 592 4566 ‘l'gl
618 4498 733 4551 hlutrans
751 4498 825 4566 aigne
844 4498 991 4566 Eratihlung
1009 4498 1055 4549 der
1071 4496 1150 4551 Fabel
1167 4498 1196 4549 in
1215 4496 1258 4550 Bt.

135 4567 193 4618 459.
247 4573 257 4601 ⁵
275 4569 332 4622 doh.
354 4569 454 4631 h'oxus,
468 4567 581 4620 llanzler
599 4568 645 4619 der
662 4567 824 4621 Universimt
836 4567 939 4631 lowen,
953 4567 1054 4634 Geguer
1066 4566 1112 4619 des
1123 4566 1258 4620 Erasmm.

168 4638 179 4667 ⁶
197 4673 204 4679 .
220 4664 230 4679 -.
248 4637 432 4704 ματαιολόγων;
450 4636 600 4690 Schroilrmt
618 4654 708 4706 vogen
727 4635 888 4706 Auspielung
906 4638 952 4689 aut
967 4635 1154 4706 theologorum.
1191 4635 1258 4690 Das·
