2774 4966
550 580 654 639 Mation
671 602 705 640 an
724 583 823 641 Urban.
1205 587 1246 651 81

127 758 229 842 ponis.
275 758 420 824 Exstat⁸
441 781 538 823 unum
562 764 637 826 tuae
659 760 852 826 curiositatis
880 781 1027 841 magnum
1059 759 1246 842 exemplum,

126 845 252 929 dequo
278 848 388 927 paucis
412 869 495 910 nunc
519 846 638 929 loquar,
662 855 698 912 ut.
720 848 878 928 intelligas
902 869 950 909 me
974 868 1035 910 non
1060 847 1138 909 satis
1156 867 1248 928 agere

126 933 307 1015 prudenter,
334 934 360 995 si
384 938 416 996 te
438 955 456 995 a
480 935 615 1015 negotiis
629 937 643 972 ¹³
666 937 705 999 ad
723 933 969 1017 philosophicam
988 933 1246 995 consuetudinem

126 1041 227 1082 meam
251 1041 363 1082 revoco
387 1026 419 1082 et
440 1024 557 1082 temera
586 1043 698 1085 moror.
744 1021 870 1083 Advoco
901 1020 957 1081 tris
988 1018 1194 1082 collocutores
1217 1028 1249 1081 et

126 1127 167 1167 ex
191 1106 386 1169 memoriaec
410 1128 505 1169 cavea
529 1108 559 1168 in
584 1106 665 1170 banc
680 1108 849 1171 literariam
867 1127 992 1168 scenam
1015 1106 1122 1187 subito
1147 1107 1247 1167 mitto.

126 1190 251 1254 Primus
282 1199 372 1256 tuum
407 1192 588 1273 choragium
624 1195 729 1270 habet,
765 1193 922 1257 secundus
956 1192 1046 1255 ltlori'
1083 1213 1245 1273 personam

125 1279 273 1353 sustinet,
298 1280 410 1341 tertius
434 1278 586 1341 Simonis²
610 1281 754 1360 partibus
777 1281 886 1343 utitur.

231 1360 432 1444 Nephelius.³
480 1363 564 1441 Vale,
587 1365 738 1429 ltlntiane.
778 1366 892 1429 Tecum
928 1364 964 1426 de
998 1363 1102 1426 inedia
1136 1363 1248 1426 sentio

128 1449 217 1512 Vires
238 1452 405 1530 utriusque
427 1450 565 1513 hominis
589 1451 671 1515 bono
695 1453 766 1515 cibo
789 1459 930 1534 potuque
953 1449 1147 1512 roborandae
1174 1454 1248 1512 sunt

127 1535 294 1617 saepicule.
341 1536 420 1599 Nam
447 1536 601 1617 jejunium
627 1545 658 1601 et
681 1539 742 1601 cibi
772 1538 932 1619 exiguitas
962 1538 1103 1611 maciem,
1134 1537 1249 1598 macies
1277 1600 1283 1613 ‚

129 1632 234 1684 autern
257 1621 394 1685 scabiem
420 1623 496 1686 tacit
512 1628 543 1686 et
559 1624 656 1687 aciem
682 1626 796 1689 mentis
820 1646 881 1687 non
906 1633 970 1686 tam
995 1623 1130 1697 exacuit,
1154 1644 1247 1704 quam

130 1707 267 1770 hebetat.
312 1707 427 1772 lterum
452 1708 521 1771 vale
544 1715 576 1773 et
597 1732 672 1774 cave
696 1712 771 1773 med
795 1712 919 1774 differas
942 1709 1082 1791 posthac.
1129 1706 1249 1784 Scriba,

132 1815 330 1874 consequere.
369 1793 448 1859 Mori
465 1796 609 1859 ostium⁰
633 1796 774 1879 pulsabo.
816 1798 898 1860 Heus
915 1794 1004 1878 puer!
1029 1801 1117 1858 estne
1135 1795 1145 1832 f
1166 1794 1249 1857 domi

134 1879 277 1943 dominus
299 1879 410 1944 harum
436 1881 585 1945 aedium?
629 1883 806 1946 lactatum
831 1889 863 1947 et
885 1882 1025 1945 nuntiab
1054 1903 1100 1943 me
1131 1881 1248 1943 adesse.

135 1963 337 2030 Commodum
362 1969 487 2043 intrari,
511 1970 647 2050 comperi
675 1969 797 2032 Morum
821 1975 852 2032 et
874 1969 1093 2049 Harpagonem
1127 1967 1249 2030 Baccho

137 2051 354 2117 sacrificantes.
401 2054 481 2130 Quid
505 2056 637 2136 primum
664 2056 813 2138 eloquar‘?
859 2053 1034 2119 Salutabo?
1053 2127 1056 2137 Ι
1078 2052 1147 2115 Non
1168 2053 1250 2116 dabo

143 2139 229 2200 malis
250 2139 392 2203 salutem.
432 2140 584 2222 lnjuriose
602 2142 821 2223 compellabo?
859 2142 1001 2204 lllienum
1022 2139 1052 2202 id
1076 2146 1124 2202 est
1146 2162 1164 2201 a
1186 2160 1252 2202 mo-

144 2224 222 2287 ribus
254 2226 407 2289 monachi.
456 2227 564 2290 Verum
598 2232 758 2310 utcunque
789 2251 857 2292 curn
887 2228 949 2290 illis
977 2248 1078 2307 egere,
1114 2226 1252 2288 vexabor

146 2313 320 2391 contagione
352 2317 546 2394 nasutorum.
593 2313 715 2377 lllallem
740 2315 778 2377 ad
810 2314 882 2378 Orci
914 2313 1025 2376 ferales
1055 2312 1191 2374 Penates
1221 2317 1253 2374 et

148 2395 185 2457 ad
210 2395 366 2462 Tartarum
397 2398 569 2481 Manesque
599 2400 740 2464 demeare
774 2424 867 2483 quarn
892 2400 930 2463 ad
955 2401 1033 2463 istos
1061 2399 1252 2461 feneratores

152 2480 358 2562 iniquissimos.
405 2485 526 2553 Potatc.
551 2486 608 2549 viri
632 2488 786 2562 canonici,
810 2487 929 2551 etvini
953 2507 1104 2548 canonem
1125 2485 1251 2566 replete.

152 2563 210 2646 Ego
238 2571 315 2651 apud
348 2571 523 2634 hlutiannm
561 2573 639 2635 satis
675 2573 748 2636 bibi.
795 2573 909 2636 Morus.
958 2573 996 2633 at
1027 2592 1085 2634 nos
1115 2571 1251 2633 vicissim

155 2658 295 2719 sextantes
331 2657 466 2736 singulis
498 2658 667 2721 haustibus
701 2660 900 2723 attrahimus.
951 2657 1131 2738 Nepbalius
1182 2655 1252 2719 Non

158 2736 286 2833 improbo,
310 2743 438 2822 quando
461 2765 537 2807 suus
564 2745 675 2826 cuique
699 2767 767 2808 mos
791 2746 903 2827 placet.
942 2744 1098 2825 Harpago.
1139 2742 1179 2803 at
1195 2763 1252 2824 ego

157 2826 289 2889 interdum
314 2828 461 2892 trientem
486 2834 635 2894 evacuavi
659 2853 721 2895 uno
744 2833 866 2913 spiritu.
912 2829 952 2892 Μ.
977 2829 1054 2892 hlihi
1084 2829 1157 2892 olim
1189 2849 1250 2891 non

160 2924 215 2970 erat
236 2913 355 2977 ‹lilticile
379 2916 571 2996 quadrantes
594 2919 737 2980 undecim
755 2941 809 3000 per
824 2923 925 2981 certas
950 2939 1051 2979 moras
1073 2915 1253 2978 exinanitas

161 3001 269 3077 cauponi
290 3001 473 3081 persolvere.
531 3002 568 3065 N.
593 3003 678 3067 hstis
707 3005 803 3067 fortes
826 3004 865 3066 ad
889 3003 1092 3066 debellandos
1112 3000 1252 3080 cyathos,

162 3100 247 3146 mmm
267 3089 303 3149 ad
327 3109 439 3150 usuras
455 3088 628 3168 captandas
644 3091 767 3152 infirmi.
817 3091 855 3152 ll.
883 3088 1066 3165 Quomodo?
1114 3087 1149 3149 N.
1174 3086 1255 3163 Quia

161 3165 259 3233 scilicet
294 3173 496 3236 inclementer
535 3178 679 3240 tractatis
717 3177 874 3238 debitores
916 3183 1053 3261 vestros„
1084 3173 1167 3256 quor]
1206 3173 1252 3235 vel

161 3250 264 3318 Orestes
295 3259 412 3323 diceret
445 3281 513 3323 esse
543 3262 647 3324 insani
682 3261 844 3325 hominis.t
889 3261 967 3324 Nam
992 3263 1017 3322 si
1041 3262 1109 3324 sani
1133 3260 1253 3334 essetis,
1325 3288 1328 3293 ·

162 3335 300 3407 blanditiis
321 3347 430 3427 potius
452 3346 620 3411 alliceretis
643 3350 787 3412 rusticos.
842 3348 878 3410 Η.
903 3348 972 3411 Non
996 3370 1075 3430 opus
1106 3353 1169 3426 est;
1205 3368 1254 3407 re-

160 3459 337 3475 ‘’s-5

164 3524 224 3629 Ἣ·
234 3511 314 3568 Extat
375 3517 427 3569 bci
446 3522 478 3570 st.
496 3517 524 3573 ti.
584 3520 736 3573 crnornoria
756 3520 828 3572 bns.
888 3524 901 3560 ⁴¹
917 3536 948 3571 nc
969 3519 1040 3573 Tenc.
1105 3519 1253 3571 ⁰lrostium.

193 3616 198 3627 .
226 3597 261 3634 nc..

216 3651 222 3679 ¹
238 3651 261 3706 S.
279 3654 311 3705 35
330 3657 360 3708 A.
379 3656 403 3707 4.
435 3654 492 3724 Vgl.
512 3655 554 3708 ΒΓ.
573 3658 612 3709 78.
668 3657 782 3710 ²Siinen
802 3657 911 3709 l'oltale
929 3673 978 3709 aus
1000 3656 1154 3722 llarclhcrg.
1172 3657 1256 3709 Jirrist

158 3711 195 3765 dcr
218 3717 327 3774 llrhrrtcr
353 3723 450 3776 Schulo
481 3725 572 3846 §aller
597 3726 640 3776 die
664 3726 780 3792 lolgcndc
806 3726 990 3793 Bezeiclmnng
1008 3726 1046 3778 als
1065 3726 1207 3793 Notarius),
1231 3727 1253 3778 ⁸2.

157 3778 237 3840 letan
254 3792 330 3847 tlt-ll.
347 3792 466 3859 zuglciclr
513 3794 659 3846 ainnischcr
677 3796 794 3862 sigillilcr·
812 3797 864 3847 und
884 3795 1032 3847 Kanorrilor·
1050 3795 1090 3845 hui
1109 3795 1133 3846 S.
1153 3795 1254 3851 Severi:

135 3854 209 3915 ,nach
225 3855 264 3913 Br.
283 3860 334 3911 ath
353 3863 442 3914 lesnes
460 3878 488 3913 cr
507 3866 593 3930 sptitcr
619 3865 686 3915 anch
711 3866 751 3916 cin
779 3864 924 3919 Karronilrat
948 3859 1000 3915 anl-
1017 3864 1211 3930 llaricntempcl
1230 3865 1254 3914 in

154 3919 233 4004 Ertart.
280 3929 338 3982 Wie
364 3931 512 3998 uberhaupt
539 3948 618 3999 gagen
648 3933 689 3984 dic
716 3934 830 3985 luristcu
859 3933 904 3983 der
930 3932 998 3984 alten
1026 3931 1121 3985 b'chulc
1151 3934 1255 4011 ttloedc,

153 3989 232 4047 tanin
256 4014 305 4050 rou
331 3999 379 4050 der
402 3998 541 4066 Marthen),
559 4017 588 4052 so
606 4001 639 4051 ist
658 4001 756 4054 blutian
784 4002 850 4054 auch
879 4017 958 4068 gagen
991 4001 1098 4052 l'nltalre
1126 4001 1255 4066 (lolacus.

152 4056 270 4133 fulcinas)
294 4067 491 4134 eingcnornmen
505 4069 565 4120 'und
589 4070 694 4132 geisselt
712 4071 756 4122 itm
777 4071 810 4121 im
831 4070 888 4137 fulg.
914 4070 1021 4135 llialoge
1045 4073 1084 4121 als
1111 4070 1257 4121 ll'uclrerer

77 4186 81 4203 ‚
151 4131 193 4184 tad
210 4133 379 4190 Schlomnrer.
418 4137 483 4189 llass
507 4138 668 4203 peraduliclre
694 4139 790 4192 llotire
816 4139 979 4203 rnitwirlrtcn,
1005 4140 1102 4205 ergieht
1128 4140 1183 4190 sicli
1209 4155 1256 4191 aus

149 4198 189 4252 tea
207 4203 327 4257 Werten:
347 4205 436 4258 mune
454 4207 530 4259 facilc
549 4209 625 4260 credo
646 4208 768 4272 llutiauo,
788 4209 829 4259 cui
849 4213 876 4259 tu
896 4224 1017 4275 arrogans
1036 4215 1122 4275 pastor·
1146 4208 1255 4274 (llonrs)

148 4270 475 4331 &indoctissimcuotan'e
494 4275 625 4343 (voltam)
644 4293 763 4344 magnam
791 4278 866 4329 alters
891 4277 1044 4340 molestiam,
1070 4278 1154 4329 rir'uin
1179 4294 1256 4344 gene

147 4352 208 4394 msao
226 4343 360 4396 doctrinae
380 4344 542 4397 calumnians
560 4345 759 4412 indignissimo:
800 4347 872 4398 :luch
893 4345 934 4397 dic
952 4351 1053 4411 spiitern
1075 4347 1255 4415 lteziclmngen

106 4433 111 4442 ·
145 4422 172 4460 tu
195 4410 302 4464 Voltzlrs
327 4428 414 4465 waren
440 4429 528 4482 wegcn
557 4415 603 4466 dos
633 4415 747 4467 llnndcls
778 4419 824 4466 nnt
851 4416 899 4466 den
930 4415 1041 4466 l'ilarcn
1069 4416 1115 4466 der·
1142 4416 1258 4468 lanam·

144 4475 328 4534 hnenkirche
346 4483 412 4533 iiber
430 4481 543 4535 llutinus
562 4482 679 4535 Erlurter·
697 4485 771 4536 llaus
796 4488 876 4536 etuas
902 4493 1034 4549 gospannr.
1107 4483 1256 4548 ”alequam

89 4592 92 4597 .
142 4549 263 4673 nl'r‘clrssern
282 4549 457 4674 llldlllrlban
483 4558 595 4620 genannt
615 4554 649 4603 im
670 4557 813 4621 (tegensatz
833 4569 865 4604 zu
884 4546 932 4604 don
954 4554 1042 4604 beiden
1069 4552 1256 4605 Schlcmnrom.

93 4664 101 4679 ,
218 4634 269 4674 ers.
332 4659 339 4688 ,
411 4663 416 4674 .

162 4706 299 4749 umnam
307 4708 337 4749 a.
349 4708 375 4749 r.
390 4708 471 4757 sappi.
485 4709 525 4748 rx.
1036 4693 1057 4757 ὓ
