2774 4966
560 599 665 655 blattae
684 617 717 655 an
737 602 837 658 Urbau.
1197 608 1258 672 135

133 768 206 834 huic
226 772 388 853 voluptati
410 773 529 837 cedunt
551 795 669 837 merces
692 777 725 836 et
747 773 890 836 auctaria
912 773 1059 836 dominae
1076 780 1264 839 cerussatae.

135 854 208 929 Quis
230 864 340 921 autem
365 859 531 939 epistolam
556 864 643 922 tuam
668 882 730 921 uon
748 863 876 922 censeat
899 881 967 921 esso
990 859 1153 935 mellitam,
1178 861 1263 925 inta-

138 940 305 1019 minatam,
338 964 449 1024 puram
484 949 609 1026 putam,
644 966 741 1025 eruum
773 945 902 1006 omnino
926 950 1014 1006 casta
1042 946 1085 1007 sit
1111 945 1265 1023 latinitas,

139 1034 264 1091 sauctus
287 1029 405 1091 candor
435 1031 675 1101 sententiarum,
707 1030 931 1108 conspicabilis
961 1030 1136 1110 dispositio,
1184 1031 1265 1095 Nam

141 1109 200 1174 sive
218 1134 268 1176 me
291 1115 433 1178 mandati
465 1116 512 1178 tui
541 1137 734 1190 commones,
765 1116 830 1176 sire
863 1122 1061 1176 anrusoteras
1092 1116 1262 1180 sciolorum

143 1192 294 1262 tectione&
329 1199 467 1275 vellices,
499 1201 565 1263 sire
593 1224 641 1263 rue
672 1201 811 1263 consulis
843 1201 880 1261 de
904 1222 1016 1277 grrruco
1049 1209 1265 1282 praeceptore.

147 1278 253 1345 ridetur
275 1284 375 1348 illusis
398 1307 464 1347 earn
491 1286 688 1348 dictantibus
712 1292 853 1366 excepta.
899 1286 965 1365 ligo
984 1308 1056 1347 vero
1082 1310 1119 1347 ue
1136 1287 1265 1367 longum

150 1362 252 1444 faciam,
276 1391 337 1432 non
364 1371 503 1433 conabor
526 1373 613 1452 paria
636 1372 766 1446 referre,
799 1372 852 1432 sed
877 1372 997 1442 rudius,
1027 1373 1126 1432 amice
1155 1377 1261 1434 tamen

153 1449 243 1517 dicam.
284 1453 447 1519 Mandasti
471 1457 573 1534 uobis,
607 1457 647 1518 mi
674 1456 809 1523 Urbane,
834 1462 869 1517 ut
892 1457 1070 1517 Senecionis
1093 1458 1210 1536 gradus
1233 1460 1264 1520 iu

157 1531 356 1616 llrpbordiauis
372 1541 506 1604 aedibus
523 1539 650 1604 vestris²
672 1541 731 1602 tilii
749 1542 961 1621 assignandos
977 1563 1129 1615 curarum,
1148 1543 1265 1622 quibus

159 1625 186 1682 tu
198 1625 300 1688 relictis
326 1632 453 1689 tuorum
478 1627 691 1690 seditionibus
715 1627 856 1689 eruditae
873 1628 990 1707 quietis
1008 1628 1170 1707 fastigium
1189 1650 1264 1690 cou-

158 1710 301 1773 scenderes.
359 1712 484 1793 Agnori
522 1711 690 1775 honestum
729 1713 936 1792 propositum.
982 1712 1028 1774 Eo
1062 1712 1196 1793 pedibus
1230 1713 1263 1776 iu

158 1796 225 1855 tuam
246 1799 446 1860 sententiam.
470 1796 552 1860 Nori
570 1796 704 1860 Vallium
724 1799 994 1879 pertinacissimas
1011 1798 1128 1860 sordes
1152 1797 1267 1861 Pastor

162 1879 316 1946 nonhabet
338 1883 478 1963 aliquem
511 1883 620 1957 salem,
652 1885 740 1963 gregi
764 1882 901 1945 satillum
931 1882 1132 1944 Herebordus
1163 1884 1264 1947 offert.

160 1956 206 2023 Sed
230 1987 298 2046 grex
328 1968 577 2031 nauseabundus
606 1990 668 2030 uon
699 1968 767 2031 vult
791 1968 951 2047 clirliugere
980 1967 1147 2030 fastidiens
1179 1974 1265 2031 recta

162 2047 251 2113 studia.
292 2053 484 2116 Adulatores
508 2053 620 2116 virosis
653 2054 928 2115 assentationibus
959 2075 1050 2115 aures
1074 2051 1265 2134 Archigalli³

161 2137 321 2217 constipant.
370 2137 472 2201 Nemo
497 2140 687 2201 trumentum
713 2162 731 2200 a
754 2139 839 2208 lolio.
864 2161 969 2200 verum
994 2162 1013 2200 a
1028 2137 1118 2211 false,
1144 2139 1261 2202 bonum

161 2221 267 2297 analo,
288 2245 424 2304 aequum
455 2224 496 2286 ab
520 2224 629 2306 iniquo
657 2224 805 2301 secernit3
838 2221 993 2306 ‹rilaapor
1008 2236 1022 2262 ¹¹
1048 2212 1261 2305 peldronpor⁴

161 2309 226 2379 suut,
244 2310 329 2389 quasi
358 2297 542 2392 paldram
567 2311 598 2371 in
615 2311 774 2390 piraterio,
799 2316 830 2371 et
847 2309 920 2372 dum
939 2311 1082 2371 certatim
1101 2310 1264 2389 diripiunt,

162 2401 288 2483 usurpant
311 2394 390 2458 illud
416 2395 662 2476 Pythagoricum
688 2400 720 2456 et
736 2394 934 2456 Platonicum
959 2382 1051 2454 uoreci
1068 2386 1130 2476 peip
1145 2383 1185 2455 aci
1201 2393 1265 2456 τῶν

162 2468 247 2614 palor.
290 2479 362 2543 Nou
386 2488 432 2543 est
459 2479 697 2555 monachorum,
719 2480 773 2542 sed
797 2481 989 2560 praedonum
1007 2480 1261 2542 contubernium.

174 2562 246 2639 laque
266 2570 296 2627 te
318 2565 493 2646 adjurandi
516 2567 713 2628 occasionem
739 2566 856 2627 nullam
883 2565 1142 2646 praetermittam.
1172 2564 1265 2629 Nitar

165 2658 238 2721 prece,
264 2653 376 2732 pretio,
406 2651 501 2733 plana
526 2651 712 2714 castrisue
744 2652 803 2726 ria,
837 2655 873 2713 ut
899 2656 931 2713 to
959 2651 1109 2713 eximium
1139 2651 1262 2712 sac-iam.

164 2720 306 2824 castigasti
329 2759 380 2799 me
405 2737 509 2799 verbis
532 2738 612 2799 satis
635 2736 818 2799 incivilibus
842 2740 873 2799 et
889 2737 1051 2813 aculeatis,
1076 2737 1159 2815 quod
1177 2735 1264 2798 Ster-

165 2816 254 2881 eutrum
278 2822 462 2903 imprudens
484 2822 620 2884 laurlavi.
656 2821 799 2898 Peccavi,
817 2822 926 2897 fateor,
945 2822 1077 2884 sednon
1095 2820 1262 2895 malitiose,

165 2892 231 2964 deum
251 2910 356 2969 testor.
405 2906 517 2970 Merito
541 2929 589 2969 me
610 2912 648 2982 ‚ut
666 2906 797 2969 bardum
816 2912 848 2969 et
863 2907 996 2969 stultum
1014 2907 1138 2969 Gotlrae
1160 2928 1263 2987 repre·

165 2977 296 3079 hendecas.
344 2990 415 3054 Tuli
440 3014 572 3073 poenam
599 2994 755 3072 patienter
778 2997 810 3054 et
833 3014 901 3054 sum
928 2992 957 3054 in
975 2991 1085 3055 multis
1108 3014 1170 3054 nou
1195 3013 1262 3054 orn-

164 3085 219 3133 uruo
234 3077 576 3159 circumspectissimus.
602 3077 669 3140 Hoc
687 3078 756 3140 ideo
774 3078 853 3151 dicu,
872 3082 907 3140 ut
923 3079 1014 3140 amici
1034 3077 1111 3139 vitia
1128 3077 1262 3152 noveris,

164 3171 208 3216 nou
234 3163 342 3225 oderis.
399 3162 480 3238 Quid
515 3164 665 3244 qrraeris‘?
717 3161 792 3226 Seni
828 3163 985 3225 succedes.
1039 3163 1087 3224 lta
1115 3163 1264 3243 polliceor

161 3234 277 3327 daboque
308 3269 446 3330 operam,
477 3255 513 3311 ut
548 3248 634 3311 nulla
665 3249 721 3311 fiat
751 3248 782 3311 in
811 3250 896 3311 omni
925 3249 991 3310 rita
1026 3248 1263 3310 benevolentias

160 3334 258 3395 rostrae
276 3332 411 3414 jactura.
464 3334 552 3410 Quod
579 3338 684 3396 autem
717 3333 777 3395 sub
801 3333 945 3396 barbaris
969 3332 1169 3415 pbilosophis
1193 3331 1264 3395 bar-

159 3406 211 3477 bare
235 3417 448 3500 philosophari
485 3420 622 3499 cogeris,
653 3419 680 3481 si
709 3440 848 3499 possem,
884 3419 1081 3498 corrigerem.
1132 3417 1194 3481 Sed
1223 3417 1263 3481 do

157 3497 270 3567 adulare
292 3504 476 3567 remedium.
523 3504 614 3566 Nunc
645 3509 692 3565 est
724 3505 862 3566 otiosum
894 3505 1104 3567 intervallum.
1152 3503 1264 3565 Cessat

152 3581 246 3651 clamor
268 3588 467 3671 pulpitarius
516 3588 684 3650 Foriantur
707 3588 880 3670 sophistae.
928 3589 1050 3651 Vacant
1073 3588 1259 3670 paedagogi.

148 3666 297 3737 Dormiurrt
321 3678 466 3737 noctuae.
512 3672 654 3736 Minerva
677 3674 823 3754 quiescit.
871 3674 1025 3736 Garriuut
1048 3675 1079 3735 iu
1104 3673 1264 3735 subselliis

148 3753 282 3822 baratarii
308 3758 485 3823 literatuli⁸.
527 3759 587 3821 Eos
603 3759 725 3834 auctius,
750 3759 776 3821 si
793 3758 891 3821 latine
909 3761 1032 3828 sciunt:
1058 3760 1083 3819 si
1101 3759 1264 3821 abortivas

142 3842 228 3907 edunt.
253 3866 356 3925 nugas
379 3846 467 3922 (sunt
490 3845 572 3906 enim
605 3844 668 3907 tere
692 3845 791 3924 inepti
815 3848 847 3905 ct
870 3844 1016 3924 glandem
1045 3849 1192 3907 asserunt
1215 3864 1262 3905 re-

194 4009 208 4037 ὓ
223 3996 266 4047 Sl).

199 4062 270 4115 'Die
281 4060 464 4127 Vorlcsurrgen
483 4061 530 4112 der
548 4060 684 4127 Icipzigcr
701 4061 867 4126 ¹Soplristcu.
923 4062 993 4113 ²rrir=
1008 4062 1088 4115 stelle
1107 4060 1178 4111 eines
1198 4060 1261 4112 l’ro·

132 4130 231 4185 tutator
255 4131 303 4182 des
318 4129 524 4195 lleorgouttraler
542 4128 622 4182 lloles
642 4129 666 4181 iu
685 4127 781 4181 llrturt.
806 4129 847 4179 die
868 4129 955 4181 l'rbau
981 4130 1046 4181 uaclr
1067 4129 1152 4181 scinci·
1172 4128 1261 4179 lliick·

131 4198 189 4253 l'cbr
216 4216 266 4252 rou
287 4197 396 4264 Ieipzig
419 4197 458 4249 als
476 4197 634 4266 Naoblolgcr
652 4199 698 4250 des
718 4197 866 4263 lrislrerigcn
885 4197 953 4249 alum
976 4198 1133 4250 l'crualtcus
1157 4196 1259 4248 crhielt.

130 4267 178 4321 [rar
200 4265 409 4334 licurgenuraler
433 4265 528 4317 rtonch
557 4266 704 4318 Stercutius
731 4267 854 4318 recturotr¹
877 4268 923 4317 aus
944 4267 1016 4317 diosc
1039 4266 1165 4331 Str-ltung.
1203 4264 1262 4329 r'gl.

127 4334 167 4389 ssr.
185 4338 228 4389 rur.
284 4334 366 4386 ³llos
386 4333 568 4402 Erzpricsters.
592 4335 616 4385 d.
636 4335 651 4385 i.
677 4336 723 4386 des
743 4335 831 4387 aures.
886 4334 1262 4399 ⁴r1‹.·ranurr.spiriru-‚ror

125 4402 295 4457 [usitiliohe.
322 4404 442 4462 ‘t‘tlaapor
465 4402 581 4453 cntzieht
603 4403 659 4454 sicli
686 4404 744 4454 dun
768 4403 944 4455 l'crstliudrris.
1016 4403 1073 4453 ⁵111
1092 4403 1140 4453 dou
1167 4399 1261 4452 Schul-

125 4473 206 4527 larien
225 4471 333 4524 durtteu
353 4470 422 4523 arrclr
440 4470 483 4523 die
501 4470 658 4522 Bakularien
678 4470 857 4535 torreantur
877 4471 973 4522 hulten.
1005 4470 1104 4522 Mutina
1125 4469 1199 4520 horto
1217 4468 1260 4519 die

125 4540 307 4609 Vorleauugeu
335 4536 514 4605 Stiuunerings
533 4538 598 4589 iiber·
615 4539 664 4590 deu
683 4539 829 4590 Eurrucbcu
848 4540 894 4591 dos
912 4539 1016 4593 Teroua.
1041 4539 1080 4591 als
1098 4536 1263 4605 Siluuneu'ng

123 4610 194 4664 noch
211 4605 376 4662 Bakulariua
394 4622 455 4659 war.
490 4605 533 4659 Br.
554 4606 605 4662 ‘208
623 4607 668 4659 des
687 4606 748 4660 Cod.
