2774 4966
518 611 624 692 Mutisb
642 652 676 691 an
695 635 797 693 Urber'.
1155 638 1217 704 481

81 815 260 882 stissimum
283 815 315 876 et
337 810 593 875 amantissimum
625 810 746 892 patriae
780 810 879 872 civem
914 832 1009 893 quam
1043 811 1218 894 gloriosum

79 901 236 967 rabulam.
282 896 366 961 Vale.

234 981 298 1036 Cod.
316 979 386 1034 Frof.
404 978 463 1033 405.

82 1103 202 1173 (oona.)
611 1082 685 1145 414.
968 1100 1008 1153 17.
1027 1097 1097 1166 Sept„
1117 1100 1217 1170 (1514).

463 1189 608 1260 Mutian
630 1211 678 1260 an
700 1188 840 1260 Urbun.

80 1305 237 1373 (Floronrer
259 1302 379 1356 Wunsco
396 1301 444 1370 [ἄν
462 1301 593 1356 Harbords
610 1300 736 1369 hakuuft.
773 1301 897 1354 Moror
912 1300 963 1354 soll
979 1301 1087 1355 wobrreu
1109 1303 1215 1368 blea‘lren,
1327 1278 1329 1282 ⁸

79 1390 157 1427 uena
174 1390 202 1425 or
219 1372 293 1425 aoblt
317 1371 375 1424 und
398 1371 448 1424 dua
475 1371 634 1424 Gedlr'obtnta
658 1370 703 1422 der
729 1369 802 1422 Muto
825 1369 938 1423 amaru
964 1369 1046 1423 blorbt.
1083 1371 1218 1426 Bederrlm

77 1459 157 1510 popm
183 1441 232 1494 dus
260 1440 343 1507 Collay
368 1439 414 1492 der
440 1439 602 1492 lbbenaeher
625 1439 667 1491 ala
692 1438 931 1506 Abster'yequurtrer
952 1438 1000 1505 sr'e'r·
1024 1439 1074 1492 den
1092 1439 1216 1495 monuo.

266 1507 329 1575 dus
342 1508 385 1561 die
404 1507 531 1575 Idrsurter
549 1507 670 1575 Psrdlrrda
686 1506 742 1560 oid
759 1507 795 1560 M.
813 1507 887 1560 nictit
904 1508 1033 1570 ruolium.)

207 1605 337 1657 Urbano
355 1606 436 1656 beno
454 1604 547 1655 doeto
565 1606 728 1655 Musarum
744 1606 879 1664 petrono
897 1601 952 1670 (M.
970 1603 1093 1673 Rubro).

96 1700 99 1705 ’
188 1698 220 1764 S.
276 1699 483 1764 Gratulamur
520 1697 703 1762 Herebordo
737 1697 770 1761 in
805 1719 888 1762 novo
925 1698 1011 1763 illius
1049 1699 1216 1783 splendore

82 1785 227 1868 gloriae,¹
253 1808 316 1850 non
339 1789 448 1848 temen
470 1787 540 1848 sine
562 1785 788 1864 admonitione,
811 1806 935 1849 nesero
951 1785 1080 1850 tandem
1097 1791 1216 1852 etcum

82 1871 223 1953 periculo
247 1892 304 1935 sno
328 1872 442 1954 sapiat.
489 1870 610 1935 Cautus
633 1871 676 1934 sit
698 1873 825 1952 oportet
846 1871 956 1934 tuendi
984 1871 1065 1951 juris
1095 1872 1215 1954 publici

80 1957 209 2035 arbiter,
223 1968 237 1996 ⁸
261 1958 410 2039 quoniam
434 1956 562 2037 quidem
585 1956 686 2020 multa
708 1957 875 2020 imminent
898 1957 1021 2021 civitati
1044 1958 1135 2022 mala.
1180 1960 1216 2024 Id

80 2048 188 2107 autem
220 2043 391 2124 prudenter
421 2046 563 2119 senatus,
594 2041 680 2124 quod
710 2041 795 2105 hunc
825 2041 941 2106 babere
970 2042 1086 2108 maluit
1118 2066 1214 2128 quum

81 2129 253 2211 alienigeni
283 2125 464 2210 sanguinis²
488 2133 544 2191 aut
567 2126 702 2191 nothum
733 2124 887 2209 aliquem⁸
910 2134 947 2191 ut
969 2133 1045 2192 ante
1076 2131 1216 2194 causidi-

82 2235 163 2278 cum.
210 2214 294 2277 Deus
329 2215 408 2278 assit
442 2214 554 2290 amico,
589 2215 656 2277 sive
690 2205 826 2290 ἔκδικος,
861 2214 927 2277 sive
957 2202 1117 2289 σύνδικος,
1149 2218 1216 2281 sive

79 2289 268 2382 πρακτικός,
292 2301 361 2363 sive
383 2302 547 2382 patronus
571 2300 638 2363 sive
661 2299 815 2376 defensor,
847 2299 914 2362 sive
945 2305 1132 2382 procurator
1160 2324 1215 2385 ap·

81 2384 262 2467 pellabitur.
319 2385 365 2449 De
398 2384 431 2447 Τ.
466 2383 581 2448 Mario*
614 2387 659 2449 sic
694 2385 825 2448 habeto:
860 2390 964 2449 ratum
1000 2385 1153 2465 futurum,
1187 2391 1215 2453 si

84 2471 206 2535 dederit
230 2473 407 2553 pecuniam,
430 2475 521 2533 tuum
545 2470 711 2551 placitum,
743 2471 836 2534 modo
866 2471 955 2534 salva
985 2479 1112 2536 maneat
1143 2482 1216 2554 post

81 2556 168 2620 illius
190 2558 355 2620 interitum
387 2557 558 2620 Mutiorum
587 2557 746 2620 memoria.
793 2555 874 2619 Nam
904 2557 966 2619 nisi
993 2559 1078 2622 huno
1106 2558 1213 2623 fuoum

80 2643 320 2723 superstitionis
344 2643 568 2718 curaverimus,
593 2641 673 2704 male
695 2642 880 2705 audiemus.
917 2641 1098 2725 Sequentur
1128 2647 1213 2709 enim

81 2750 203 2791 sannae
226 2733 259 2791 et
281 2728 452 2810 opprobria
482 2728 707 2810 procaciorum.
755 2726 844 2803 Quod
873 2729 985 2792 scribis
1013 2729 1050 2792 de
1082 2731 1214 2812 collegio

79 2813 377 2886 Eisennacborum,⁵
402 2814 506 2877 verius
530 2817 579 2876 est
602 2813 785 2876 verimonia.
832 2813 899 2894 Ego
922 2818 1029 2878 tamen
1054 2837 1117 2878 non
1142 2839 1212 2880 eum

80 2899 185 2963 solnm
223 2900 375 2981 proposui
409 2896 613 2962 cancellari&
646 2898 760 2975 locum,
790 2898 845 2962 sed
878 2904 910 2963 et
932 2900 1019 2963 aliud
1052 2902 1213 2982 quoddam

80 2985 313 3049 diverticulum.
359 2983 404 3046 De
427 2984 606 3066 Erphurdia
629 3006 703 3046 vero
728 2983 807 3046 nihil
839 2985 907 3067 spei
935 2985 1114 3064 defiximus,
1145 2993 1212 3053 tum

84 3071 161 3152 quia
184 3067 437 3153 Engelmannus⁷
462 3070 524 3133 sibi
548 3069 737 3151 providebit,
760 3074 829 3134 tum
853 3071 929 3151 quia
960 3074 1068 3154 magni
1098 3095 1214 3156 magna

83 3157 363 3220 consectabuntur.
409 3154 498 3218 Meae
522 3155 672 3238 parvitati
691 3156 771 3218 satis
787 3159 836 3220 est
853 3158 933 3220 tueri
950 3159 1083 3222 modicis
1098 3160 1214 3241 opibus

81 3242 214 3306 Beatam
235 3240 320 3378 grdao
346 3240 526 3378 ”indidem
573 3240 658 3304 Vale.
704 3241 761 3304 Die
785 3241 954 3323 lamperti.

253 3342 297 3380 0.
345 3340 381 3378 ¹0.
454 3367 459 3378 .

81 3443 198 3513 (oona.)
611 3428 683 3492 415.
901 3445 960 3512 (vor
976 3443 1017 3498 ro.
1035 3443 1105 3512 Sept.
1126 3445 1213 3514 1514.)

454 3537 596 3607 Mutiau
620 3557 669 3607 an
691 3536 850 3617 Urban.v

79 3647 208 3716 (Publius
226 3647 261 3699 ist
280 3647 316 3699 M.
335 3647 469 3715 mtlauson
492 3649 549 3701 urrd
570 3648 629 3701 urei
653 3648 717 3716 Tuqo
743 3648 785 3701 bei
815 3648 906 3702 Urbon
929 3649 1065 3716 pobla'obeu,
1092 3649 1138 3702 (lor
1163 3650 1213 3702 deu

233 3732 290 3767 arun
309 3717 377 3769 ortale
396 3717 512 3769 dudulim
529 3735 599 3783 πῖαρ.
637 3718 714 3770 Tndel
730 3718 815 3770 seinos
839 3717 1049 3784 Uuyrlmrsuurs.)

148 3850 162 3878 ι
176 3837 293 3891 arbitror.

150 3907 156 3936 ¹
178 3904 203 3957 S.
222 3921 277 3957 ror.
296 3906 338 3958 Br.
394 3907 404 3938 ²
423 3905 484 3957 Wio
502 3921 530 3957 os
549 3922 570 3958 z.
589 3904 619 3959 B.
639 3904 725 3958 Goode
743 3905 798 3957 und
816 3903 934 3969 Voltzko,
952 3903 1028 3956 boide
1046 3919 1094 3957 aus
1112 3903 1210 3958 Havol-

79 3972 152 4040 berg,
171 3982 266 4025 umen.
339 3974 435 4026 ³Gobt
458 3973 527 4026 vvobl
546 3973 592 4026 nul
608 3972 696 4025 Borth.
722 3973 850 4026 Bobozan.
922 3972 1109 4025 ⁴Mietsmoun
1136 3973 1211 4026 Diet-

79 4056 143 4094 mor.
181 4040 206 4095 S.
225 4043 276 4094 479
294 4045 325 4095 Λ,
345 4045 368 4095 5.
405 4042 441 4094 Er
459 4041 535 4095 sollte
553 4042 587 4095 20
605 4042 630 4093 tl.
649 4042 731 4113 gehon
750 4042 804 4094 und
822 4042 898 4093 daftir
915 4041 955 4093 bis
974 4057 1007 4093 zu
1024 4041 1123 4094 seinom
1141 4040 1210 4095 Tode

78 4109 251 4176 Eigontiimer
278 4111 342 4174 sein,
370 4111 440 4162 daun
470 4110 533 4162 abor
560 4110 635 4162 solito
662 4111 705 4163 die
732 4109 933 4177 Vorpssiobtung
956 4109 1003 4163 dos
1029 4109 1210 4177 Naohfolgere,

78 4176 244 4230 Soelmesson
271 4179 312 4231 sin·
337 4180 379 4230 die
397 4179 500 4231 Briidor
517 4177 575 4230 Mat
593 4195 625 4230 zu
643 4178 723 4242 lesen,
748 4179 845 4231 wieder
869 4178 897 4230 in
920 4177 996 4230 mart
1022 4182 1114 4233 treton.
1151 4177 1209 4246 vgl.

78 4245 104 4298 S.
124 4246 177 4298 472
194 4250 225 4300 A.
248 4250 270 4301 l.
343 4248 424 4299 nllus
451 4247 540 4315 Collog
567 4248 614 4298 dor
644 4246 828 4315 Philosophum.
859 4248 884 4298 in
914 4246 1044 4299 volebam
1070 4246 1211 4300 Trutlotter

79 4313 233 4435 ffisenaob)
257 4316 304 4381 las,
329 4315 462 4367 outvveder
485 4316 532 4367 das
557 4315 619 4368 Coll.
648 4317 733 4381 majus
758 4316 820 4368 odor
844 4317 919 4382 porta
940 4313 1014 4367 oooli.
1085 4313 1209 4368 ‘Maium

105 4382 264 4437 nnzlerJoh.
275 4383 430 4450 Englendor.
457 4383 483 4437 S.
495 4384 546 4436 479
557 4386 586 4437 Α.
597 4385 621 4435 8,
649 4383 952 4436 Seinerlnkunltuurde
971 4383 1044 4436 Eudo
1062 4384 1108 4436 des
1125 4384 1149 4438 J.
1168 4400 1209 4436 or-

79 4454 183 4504 wartet.
219 4451 298 4504 ludes
316 4452 405 4504 ortubr
423 4451 457 4503 M.
477 4452 513 4503 im
532 4451 603 4504 Mirr
623 4452 698 4509 1515.
717 4453 778 4504 duas
795 4468 824 4504 or
841 4452 914 4504 nicht
933 4452 1008 4504 mehr
1027 4451 1139 4505 Kunzler
1162 4453 1209 4518 soi,

80 4519 135 4572 und
156 4536 206 4572 von
225 4521 312 4572 abiner
329 4521 446 4572 Aukunlt
465 4520 594 4573 verlautot
612 4521 680 4572 auch
699 4520 786 4572 niolrts
804 4521 886 4572 mehr.
952 4521 962 4552 ⁷
981 4520 1207 4576 Kilebenmeistor.

80 4587 119 4641 M.
138 4588 276 4640 utiusohte
294 4589 336 4640 ein
355 4589 472 4641 Eriurtor
484 4588 645 4640 Beneficium
661 4590 702 4640 fiir
712 4589 803 4640 seinou
815 4589 918 4641 Diener.
946 4578 1020 4641 liber
1032 4588 1209 4656 Engelmanns

77 4655 263 4725 gleichzeitigo
281 4656 446 4724 Bon-erbung
463 4656 506 4709 Br.
525 4657 589 4709 41⁴2:
608 4657 648 4711 vl).
668 4657 767 4709 ambiet
784 4660 811 4709 et
827 4656 899 4709 sibi·

104 4744 239 4785 aurneina
253 4745 281 4784 rv.
295 4746 320 4784 n.
335 4745 413 4792 snper.
427 4746 468 4784 rx.
959 4726 1008 4790 ’ὣ
