2774 4966
132 618 171 688 14
467 611 555 679 Bricfe
572 620 614 678 bis
631 638 689 678 aum
707 622 808 678 Herbst
826 612 900 681 15⁰5.

129 794 229 858 fiteor.
276 794 404 858 Absolvi
421 818 470 859 me
484 797 620 879 postulo.
659 795 701 859 Et
716 817 772 878 pro
787 799 912 861 actione
927 798 1129 879 gratiarum·
1149 798 1247 865 offero

128 903 177 944 me
208 879 270 944 tibi
300 887 333 945 et
362 883 453 945 trado
483 905 532 945 me
561 888 664 945 totum
689 891 721 946 et
744 882 826 946 hanc
858 884 1044 946 subitariam
1080 886 1245 967 epistolam

128 989 216 1030 meae
246 974 373 1047 ergata
396 968 615 1032 observantiae
645 970 769 1050 pignos.
815 969 926 1033 Valeas
953 969 1086 1034 feliciter
1116 977 1148 1035 et
1175 995 1247 1037 ama

127 1058 214 1117 tuam
248 1055 471 1124 urbanitatem,
505 1075 585 1135 quae
619 1056 719 1118 virtus
752 1056 855 1119 media
884 1061 932 1118 est
962 1057 1044 1119 inter
1073 1057 1136 1121 dno
1159 1061 1248 1133 vitia,

129 1140 347 1202 austeritatem
370 1147 402 1202 et
426 1141 669 1216 bomolochian‚'
695 1163 776 1222 quae
799 1142 896 1204 latine
918 1143 1091 1205 scurrilitas
1121 1143 1247 1221 dicitur,

130 1231 160 1287 et
185 1224 390 1289 bomolocbus
421 1248 536 1290 scurra.
584 1227 629 1289 Ex
658 1227 763 1290 Gotha
787 1229 836 1290 die
859 1227 1016 1290 dominico
1039 1236 1071 1292 et
1094 1229 1187 1294 Petro
1210 1254 1248 1295 ac

128 1310 226 1374 Paulo
250 1317 441 1375 consecrato

279 1411 339 1466 Cod.
359 1411 424 1464 Frcl.
445 1415 467 1464 1.

128 1626 242 1696 (coena.)
664 1610 710 1674 12.
1002 1627 1132 1696 (omme
1150 1629 1250 1698 rausi·

500 1739 643 1809 Mutian
665 1759 713 1807 an
737 1737 874 1809 Urban.

126 1866 313 1935 (Empfelrlunp
333 1866 470 1934 spalaten
488 1867 545 1920 unul
561 1867 637 1928 Bilte,
655 1867 704 1919 elur
716 1867 788 1920 recht
800 1868 868 1920 ncrli
879 1867 1088 1934 Zem'clccpelren
1101 1885 1137 1920 su
1150 1868 1248 1931 lusam,

323 1935 410 1988 acoleia
428 1953 492 1989 nean
510 1937 557 1989 ibn
576 1937 617 1988 als
635 1936 842 1989 Stndtschreiber
858 1936 964 2004 benefac
981 1937 1054 1999 tritt.)

279 2049 402 2112 Optimo
420 2055 452 2101 et
469 2052 649 2102 suavissimo
667 2053 752 2112 patri
769 2052 897 2102 Urbano
920 2053 964 2102 Μ.
982 2050 1093 2102 Rufus.

230 2160 263 2226 Si
288 2162 382 2237 vales,
408 2163 487 2226 bene
510 2171 572 2227 est:
596 2184 664 2243 ego,
688 2164 771 2245 quod
797 2169 846 2227 est
868 2163 966 2227 divini
991 2162 1139 2234 muneris,
1162 2167 1249 2224 recte

128 2246 227 2311 valeo.
273 2247 420 2312 Omnium
446 2251 545 2313 nostri
568 2251 687 2313 ordinis
719 2251 920 2313 beatissimus
950 2257 1034 2312 esset
1062 2247 1250 2330 Spalatinus

131 2341 248 2410 noster,
265 2336 291 2397 si
310 2336 454 2418 princeps
469 2341 544 2400 tuus
560 2338 603 2398 ita
620 2337 705 2399 illius
723 2336 894 2400 modestam
913 2335 1141 2398 humanitatem
1159 2338 1196 2396 nt
1212 2345 1248 2395 tu

130 2430 341 2500 cognosceret.
368 2421 482 2503 Utique
499 2422 630 2502 probum
644 2422 789 2502 juvenem
808 2428 840 2486 et
856 2422 1011 2486 hominem
1029 2421 1249 2483 doctissimum

130 2509 373 2570 mansuetudine
389 2530 455 2585 sua,
474 2530 554 2590 quae
570 2509 739 2590 singularis
754 2515 812 2585 est,
828 2507 1114 2591 comprehenderet.
1139 2505 1250 2587 Neque

132 2592 213 2656 enim
248 2599 312 2657 tam
348 2616 475 2657 suavem
511 2594 727 2676 paedagogum
762 2596 879 2658 sineret
910 2595 1054 2657 aberrare
1084 2614 1120 2655 ac
1143 2594 1251 2674 potius

131 2678 323 2760 ‘thuringiae
346 2680 425 2743 fines
448 2681 606 2743 excedere.
655 2681 721 2744 Vidi
738 2681 853 2755 literae,
871 2681 944 2755 ridi,
961 2681 1004 2743 mi
1020 2679 1155 2755 Urbane,
1178 2677 1250 2758 qui·

127 2765 188 2828 bus
212 2766 405 2830 sollicitatur
427 2788 445 2828 a
468 2774 579 2830 senatu
598 2765 839 2845 sziolraviano
856 2773 892 2829 ut
908 2767 992 2830 illius
1008 2764 1250 2828 honestissimae

129 2853 270 2915 civitatis
294 2852 398 2916 scriba
420 2853 565 2935 publicus
587 2853 652 2916 fiat.
698 2854 750 2916 b'ic
773 2861 910 2916 vestrum
939 2851 1136 2928 coenobium,
1163 2849 1249 2931 quod

129 2938 274 3019 equidem
308 2940 509 3020 magnifacio,
538 2940 658 3002 carebit
684 2941 804 3020 optimo
828 2949 1029 3021 praeceptore
1051 2948 1083 3000 et
1105 2946 1141 3000 tu
1163 2958 1250 2999 ama-

131 3024 187 3088 bili
211 3031 243 3087 et
271 3035 398 3106 propter·
428 3026 607 3088 commonia
635 3026 740 3088 studia
769 3026 927 3107 diligendo
955 3025 1136 3087 domestico.
1180 3022 1251 3084 Erit

128 3110 189 3174 hoc
212 3113 243 3173 in
268 3112 355 3175 omni
379 3112 444 3174 vita
467 3112 644 3175 luctuosum
677 3113 796 3174 derasis
826 3112 983 3174 tironibus
1013 3111 1136 3173 vestris.
1182 3106 1250 3190 Ego

128 3217 255 3278 quoque
279 3200 336 3261 etsi
361 3196 518 3279 Spoletini
543 3198 755 3261 familiaritate
778 3204 809 3260 ct
832 3198 1055 3279 conjunctione
1079 3195 1246 3278 plurimum

128 3282 266 3346 delector
289 3292 320 3347 et.
343 3284 383 3347 ob
408 3284 437 3346 id
463 3306 617 3347 recessum
641 3307 659 3346 a
684 3284 774 3346 nobis
798 3286 889 3365 quasi
913 3284 1020 3358 defleo,
1044 3283 1109 3344 fero
1131 3291 1249 3355 tamen,

128 3371 203 3450 quia
225 3370 330 3433 forsan
354 3371 428 3432 fatis
452 3371 496 3433 ita
519 3370 648 3450 placuit.
694 3369 755 3434 Sed
772 3378 934 3450 utcunque
950 3371 1002 3441 sit,
1025 3373 1150 3449 gratum
1172 3368 1249 3430 mihi

129 3456 328 3519 vehementer
351 3456 470 3530 feceris,
502 3460 528 3518 si
557 3456 703 3519 abbatem
734 3457 895 3519 dominum
931 3463 1071 3519 nostrum
1108 3454 1250 3534 responsi

129 3543 337 3605 admonueris.
383 3541 500 3625 Scripsi
525 3542 562 3604 ad
587 3564 667 3619 eum,
699 3543 752 3605 setl
783 3543 853 3605 hui!
887 3543 979 3624 paulo
1008 3540 1168 3615 latirrius3³
1199 3539 1250 3603 hic

128 3634 200 3692 utor
231 3630 380 3692 idiomate
410 3629 585 3692 vernaculo.
632 3629 785 3708 Dignatur
814 3629 980 3709 explicare,
1011 3629 1086 3710 quid
1117 3627 1250 3708 placeat,

129 3721 162 3778 et.
184 3716 275 3778 nobis
299 3737 350 3797 por
367 3725 398 3778 te
414 3716 615 3798 interpretem
640 3715 841 3797 respondeat3
866 3715 947 3778 fores
971 3715 1103 3777 notitiae
1127 3715 1249 3796 aperui.

130 3800 163 3864 Si
181 3802 328 3882 recipitur
346 3803 377 3865 in
395 3801 573 3864 clientelam
591 3809 737 3877 vestram,
756 3801 940 3880 gratulabor
956 3801 1060 3870 robis3
1078 3803 1249 3862 sinautem

130 3888 242 3962 abibit,
267 3889 379 3951 favebo
403 3896 507 3951 tamen
533 3888 642 3950 honori
672 3888 890 3950 sanctissimae
913 3886 1092 3949 sodalitatis
1115 3895 1248 3948 vestrae.

132 3972 213 4038 Cura
235 3984 268 4036 ot
293 3975 397 4037 valeas
421 3981 451 4037 et
475 3996 534 4050 me,
558 3983 593 4036 nt
617 3975 702 4045 lacis
727 3996 806 4036 uma.

282 4075 342 4128 Cod.
363 4075 426 4127 Frcl.
446 4077 487 4127 51.

198 4334 386 4452 litliihliliilpllii.
405 4386 629 4440 Possenroissorei.
684 4389 693 4418 ²
711 4386 785 4439 Etim
801 4385 864 4446 Jutt
883 4386 916 4437 da
934 4385 1001 4458 nach
1019 4383 1061 4437 Br.
1082 4381 1114 4435 18
1131 4381 1251 4450 Spalatin

132 4458 158 4510 in
176 4458 225 4511 den
250 4455 420 4523 Huodstagen
449 4456 506 4508 sich
533 4457 628 4508 hcruits
652 4456 710 4508 dem
736 4455 803 4508 Abto
821 4454 859 4507 uls
877 4471 958 4506 neuer·
983 4453 1081 4506 Lehror
1108 4451 1248 4504 rorstellao

130 4527 213 4581 sollte.
250 4527 279 4579 ln
299 4527 412 4579 dissolbe
431 4526 486 4578 Zeit
506 4528 597 4592 mogon
616 4524 658 4578 Br.
680 4527 719 4579 13.
740 4527 778 4578 15.
800 4526 830 4576 lo
848 4523 933 4577 fallen.
1003 4520 1192 4589 ³nnspielung
1204 4521 1253 4573 aul

130 4598 176 4650 das
197 4597 366 4649 hescheidcno
385 4595 455 4648 blase
474 4595 602 4646 humaner
620 4594 735 4661 Bildung
754 4595 799 4646 des
819 4593 906 4645 Abtcs
943 4592 966 4645 S.
987 4595 1002 4644 b
1022 4597 1051 4643 Α.
1072 4594 1094 4643 l.
