2774 4966
162 615 225 680 380
578 614 663 668 Briele
680 614 726 667 des
744 614 768 669 J.
789 614 862 669 1513.

163 786 248 853 {aaut
287 789 328 852 m.
343 794 389 861 tu,
408 789 542 861 Urbana,
559 791 585 852 si
602 795 702 865 uacat,
715 788 795 851 adde
811 789 981 871 psalmum:
1001 788 1104 870 ,lleus
1119 784 1282 852 laudem“¹

163 880 195 938 et
216 875 360 938 stimulos
383 876 522 939 ninnium
551 876 753 938 devotionum
771 881 801 938 et
818 875 1048 939 maledictionis
1063 874 1284 957 sempiternae.

163 960 271 1043 Neque
295 963 375 1024 enim
401 961 542 1025 comburi
566 961 643 1023 liber
667 960 769 1034 debet,
801 961 853 1024 sod
883 962 1043 1025 silentium
1078 959 1286 1040 litigantibus

163 1048 294 1129 injungi,
317 1048 400 1128 quod
418 1051 449 1110 at
466 1046 592 1110 Caesari
609 1052 640 1109 et
655 1069 754 1129 papae
779 1047 900 1127 placore
923 1048 1074 1111 videmus.
1120 1045 1286 1109 Hactenus

162 1134 200 1196 de
232 1155 364 1196 censura
403 1134 581 1197 bardorum.
634 1133 726 1195 Vauit
764 1142 876 1196 octavo
913 1133 1030 1196 abhinc
1067 1133 1117 1195 die
1150 1131 1284 1213 quidam

163 1219 409 1283 chiromanticus
442 1219 651 1300 Erphurdiam
674 1221 801 1282 nomine
825 1220 979 1300 Georgius
1002 1219 1140 1281 Faustus
1163 1216 1285 1282 Halmi-

162 1305 255 1369 theus
278 1306 550 1386 Hedelbergensis,
584 1326 688 1369 merus
721 1311 899 1369 ostentator
921 1312 953 1368 et
976 1302 1108 1368 fatuus²
1153 1302 1230 1385 Ejus
1252 1308 1287 1366 et

163 1392 304 1455 omnium
327 1392 574 1454 divinaculorum
598 1414 680 1453 vana
703 1396 751 1455 est
774 1391 925 1473 professio
948 1398 981 1454 et
1001 1391 1076 1454 talis
1092 1388 1288 1471 physiogno-

162 1478 271 1541 monia
293 1477 390 1540 levior
412 1478 544 1559 tippula.
560 1488 574 1515 ⁸
617 1476 723 1540 Rudas
746 1479 950 1541 admirantur.
995 1476 1029 1540 In
1048 1498 1118 1539 eum
1141 1474 1287 1556 theologi

162 1565 338 1645 insurgant.
386 1563 455 1627 Non
496 1563 667 1626 conficiant
703 1562 925 1646 philosophum
967 1562 1170 1645 Capnionem.
1216 1561 1286 1642 Ego

163 1651 269 1713 audivi
305 1651 493 1730 garrientem
529 1651 559 1711 in
594 1648 741 1730 bospitio.
796 1649 864 1711 Non
900 1650 1053 1730 castigavi
1084 1648 1285 1729 jactantiam.

166 1736 246 1811 Quid
271 1735 373 1798 aliena
396 1736 520 1798 insania
543 1735 582 1797 ad
606 1736 676 1797 me?
720 1735 878 1816 Spalatini
901 1741 935 1798 tu
958 1736 1070 1798 unicus
1086 1733 1286 1798 essalvator.

163 1822 306 1972 pibapffin
331 1821 444 1885 referet
466 1829 498 1883 et
521 1821 621 1884 solvet
645 1819 776 1884 debita.³
822 1822 903 1885 Vale.
948 1821 982 1884 V.
1006 1820 1113 1884 Nonas
1136 1819 1288 1886 Octobris

314 2009 374 2062 Cod.
393 2008 459 2062 mer.
481 2008 537 2062 120.

164 2195 277 2265 (soma.)
688 2181 759 2245 308.
1068 2197 1177 2265 (uer-ut
1197 2197 1286 2265 1513.)

522 2307 666 2378 Mutian
688 2327 737 2377 an
761 2306 924 2378 Gratus*

165 2438 226 2499 (Aba
246 2437 400 2489 Hurlrrrnuu
416 2438 466 2489 soll
482 2436 554 2489 rrr'rlrl
568 2437 629 2489 iiber
640 2438 688 2489 den
705 2437 754 2489 Tod
766 2437 849 2489 ser'nrs
869 2437 1028 2504 l‘irrpiirrprrs
1041 2443 1157 2499 tranem,
1170 2437 1286 2489 aoraderu

162 2507 219 2559 sicli
238 2524 319 2573 rrrpcn
336 2507 423 2559 aer'urr
447 2505 587 2574 rl‘uclrsolpe
609 2506 856 2574 beplir'clarr'r'nsrlrru.
894 2505 929 2558 ll.
946 2507 991 2558 leat
1009 2507 1051 2559 die
1076 2506 1150 2559 Verso
1167 2507 1221 2573 aar!
1235 2507 1284 2558 deri

163 2576 340 2629 rorstcrbrrrru
359 2575 408 2627 albl
423 2575 549 2642 paruerit.
591 2574 648 2627 Wr'c
665 2576 703 2628 sic
721 2575 776 2641 uus
787 2576 835 2627 dus
853 2575 983 2628 Deutmnl
1004 2576 1162 2642 einprarr'ert
1183 2577 1286 2628 werden

451 2645 538 2696 suiten.
578 2645 679 2698 Crolus'
699 2644 864 2710 riitsrllrnslrr
883 2645 995 2711 Schera.)

231 2759 394 2809 carissimo
412 2760 505 2810 croto
523 2760 648 2820 ingenio
667 2763 698 2810 at
716 2759 858 2811 doctrina
875 2759 973 2809 nobili
991 2757 1043 2826 (Μ.
1062 2756 1211 2826 assueta

265 2869 297 2932 S.
343 2869 378 2933 Si
402 2891 535 2951 magnus
558 2869 714 2934 Bonifacii
737 2869 948 2933 Basilicanus⁵
967 2871 1007 2933 ob
1024 2870 1185 2934 decessum
1211 2869 1286 2933 bea·

164 2957 278 3020 tissimi
314 2956 551 3038 patrisfamilias
588 2957 695 3021 dolore
732 2958 864 3021 affectus
902 2956 1031 3020 barbam
1070 2956 1285 3038 capillumque

166 3042 337 3119 submittit,
375 3044 479 3107 miuus
515 3065 568 3125 per·
601 3044 711 3106 lovem
750 3043 907 3125 lapideum
945 3043 1022 3106 mibi
1060 3045 1172 3125 placat,
1212 3065 1285 3106 cum

165 3151 270 3193 eorum
296 3130 434 3193 decessio
458 3135 489 3193 et
512 3152 652 3206 occasus,
675 3131 729 3211 qui
753 3131 880 3193 virtutis
911 3130 1065 3211 perlectae
1101 3129 1286 3212 perfuncti⁰

164 3219 239 3279 sunt
268 3237 407 3292 munere,
441 3216 586 3279 ferendus
610 3217 651 3279 sit
674 3217 865 3297 aequissimo
899 3217 1013 3279 auimo,
1059 3215 1168 3298 Neque
1200 3216 1285 3279 enim

163 3308 254 3385 parta
287 3303 457 3365 sanctitate
491 3303 590 3383 gloria
620 3302 760 3365 tenebris
782 3308 818 3365 ut
841 3324 953 3385 corpus
984 3303 1143 3383 sepelitur,
1166 3302 1221 3365 sed
1244 3303 1286 3364 ad

164 3410 294 3471 superos
324 3389 361 3450 de
395 3388 454 3451 hac
478 3389 584 3451 infima
618 3389 726 3451 mundi
762 3390 888 3469 regione
921 3388 1079 3461 subvolat,
1114 3388 1285 3452 immortali

166 3475 352 3537 celebranda
387 3475 486 3537 laude.
533 3476 609 3550 Quis
643 3479 748 3538 autam
784 3476 845 3537 uisi
878 3474 957 3536 falsa
992 3475 1192 3555 persuasione
1228 3474 1287 3537 im·

165 3561 261 3624 butus
295 3562 478 3639 negaverit?
531 3562 612 3636 Quin
647 3561 837 3624 sanctissimi
871 3561 955 3623 senis
989 3561 1104 3636 anima,
1137 3583 1219 3642 quaa
1252 3562 1285 3623 iu

164 3669 252 3710 suam
286 3647 346 3710 sibi
382 3647 547 3710 coelestem
586 3648 719 3727 patriam
754 3647 940 3724 decucurrit,
974 3669 1011 3708 ea
1045 3669 1129 3709 nunc
1162 3646 1286 3710 truatur

166 3733 327 3809 felicitate,
352 3755 433 3814 quae
456 3737 488 3797 et
510 3733 614 3816 ampla
638 3739 669 3795 at
690 3733 827 3814 gloriosa
850 3731 993 3795 habetur.
1039 3730 1287 3813 Cougratuletur

164 3841 237 3899 crgo
270 3825 337 3882 tum
368 3820 430 3882 sibi
460 3825 490 3883 et
518 3821 594 3896 suis,
626 3823 693 3882 tum
723 3818 921 3881 divinissimo
955 3819 1072 3882 Joanni
1105 3818 1286 3901 Henbergio

231 4057 244 4083 a
259 4040 357 4110 typula.
416 4045 429 4082 b
445 4041 477 4093 11.
496 4040 526 4093 ll.
550 4040 608 4093 le.
627 4040 691 4091 303.
745 4042 911 4108 cpcrluucto.
932 4039 994 4091 ridor
1016 4040 1092 4092 ocr'n
1111 4040 1119 4091 i
1141 4040 1200 4094 Gau.
1219 4042 1288 4104 159,-

165 4112 276 4178 port'ecto
295 4110 376 4163 functi
398 4110 456 4163 (bd.
476 4110 539 4160 3113.

234 4182 242 4211 ¹
260 4180 304 4232 Ps.
326 4180 382 4232 109.
453 4178 694 4245 ²T1·itlroim.Epp.
714 4177 792 4229 lurrril.
813 4178 910 4245 llagcu.
931 4179 1004 4232 1530,
1024 4196 1047 4244 p.
1067 4179 1117 4230 312
1141 4182 1220 4230 neunt
1240 4178 1288 4231 ilm

165 4247 289 4315 Magister·
307 4250 396 4315 l'iuorg.
433 4247 586 4303 Sabellicus.
612 4247 724 4298 Faustus
738 4248 833 4313 junior.
852 4249 908 4298 lons
925 4247 1184 4307 uernumanticorum,
1203 4254 1288 4299 astro-

165 4316 246 4383 logus.
275 4333 367 4385 magus
394 4318 532 4377 secundus,
560 4315 772 4378 clriromauticus,
800 4316 998 4384 agromanticus,
1028 4322 1232 4383 pyromantiam,
1260 4317 1287 4369 iu

166 4387 250 4453 hydra
268 4392 322 4439 arto
341 4387 479 4438 sccundus.
512 4386 548 4438 Er·
565 4388 613 4437 tral
632 4385 677 4435 ilm
700 4387 764 4437 laus
783 4385 808 4436 iu
828 4385 1001 4438 Gclnlrauseu.
1021 4386 1088 4438 doch
1105 4386 1209 4437 mactus
1228 4385 1288 4438 sich

166 4455 284 4508 dersulbo
303 4456 379 4508 rasclr
398 4471 445 4507 ror
463 4455 516 4506 ihm
536 4471 583 4506 aras
602 4455 661 4505 dem
680 4454 784 4506 Staubc.
855 4456 865 4484 ³
883 4454 971 4505 lsrbam
990 4455 1062 4507 hatto
1079 4454 1147 4506 u'olrl
1167 4453 1232 4506 Geld
1246 4455 1290 4507 fiir·

164 4524 210 4576 das
229 4524 333 4592 uiplom
353 4524 494 4592 ausgolopn.
531 4523 588 4591 Vgl.
607 4522 632 4575 S.
652 4523 702 4575 339
720 4526 750 4575 A.
771 4523 810 4576 12.
847 4523 870 4576 S.
890 4525 940 4576 364
960 4531 989 4576 Α.
1009 4525 1032 4577 d.
1103 4523 1223 4575 ‘Dioscr
1241 4523 1285 4578 Br.

164 4593 243 4646 liudet
260 4595 316 4646 sich
335 4594 371 4647 im
390 4595 450 4647 Cod.
470 4593 581 4661 doppclt,
600 4591 713 4645 nemlich
732 4592 770 4645 als
788 4592 834 4647 Nr.
855 4593 903 4645 159
922 4592 974 4645 und
992 4593 1050 4647 308.
1104 4592 1278 4645 5[Iartmuuu

164 4678 214 4714 von
232 4663 384 4732 Kirchborg,
403 4662 560 4731 Nachlolgor
577 4663 623 4715 des
640 4661 722 4715 abtas
733 4661 867 4722 lohannes
884 4661 917 4716 11.
936 4678 961 4714 v.
980 4661 1070 4716 Fulda.
1098 4661 1157 4731 Vgl.
1167 4660 1210 4716 Br.
1222 4660 1281 4717 243
