2774 4966
125 594 189 660 202
508 597 594 650 Briofe
612 614 664 652 vuu
684 598 860 653 leus—1511.

127 782 242 852 (eous)
652 767 722 833 154:
1086 784 1262 856 (raro-11.)

497 875 642 946 Mutiau
665 897 714 947 au
737 877 905 948 Urbem*

126 987 200 1055 (Von
215 987 273 1039 dein
288 986 560 1054 prosspradlcra'sclren
578 987 876 1052 Benedilctinarrnb'nolre7
898 989 945 1040 der
963 987 1055 1041 iader
1079 988 1178 1043 Kirelte
1202 990 1269 1045 ar'ed·

215 1060 294 1109 antu
312 1055 354 1107 dib
373 1056 528 1108 amatium
552 1056 716 1110 lbrbunnten
734 1057 837 1110 misrbt.
874 1058 1020 1126 spatiarer
1036 1058 1092 1125 auf
1105 1058 1174 1126 den.)

170 1152 303 1203 Erudtto
321 1154 354 1202 et
370 1152 514 1212 religioso
528 1164 544 1195 a
566 1153 771 1272 mdimllffi
790 1153 928 1213 Urbano,
946 1152 1229 1215 uetuerimne,

230 1314 323 1377 Nosti
351 1314 551 1395 negotiosum
582 1314 678 1378 istum
709 1318 743 1378 et
769 1314 940 1395 gloriosum
976 1315 1105 1379 fratrem
1139 1316 1264 1381 ordinis

127 1397 315 1474 Benedicti,²
340 1422 432 1481 quem
457 1400 505 1461 ais
529 1401 718 1463 mordaciter
740 1400 872 1462 dixisse:
901 1401 1026 1477 ..Uritur
1058 1403 1195 1462 urtttrbru
1218 1403 1264 1463 bia

128 1485 381 1547 nniurrritrtrn.“¹¹
404 1483 494 1560 Quod
512 1507 660 1548 verumne
676 1509 716 1548 an
734 1485 849 1548 falsum
866 1485 918 1561 sit,
942 1489 1053 1566 postea
1070 1486 1263 1552 videbimus.

128 1571 158 1633 ls
180 1569 257 1647 heri,
290 1571 364 1632 dum
388 1571 496 1652 plebes
528 1571 585 1634 deo
599 1583 612 1610 ⁰
634 1571 750 1634 devota
777 1570 901 1633 lustrali
924 1571 1084 1634 roratione
1107 1572 1263 1649 maderet,

128 1657 219 1718 stetit
242 1656 273 1718 iu
298 1661 390 1719 coetu
415 1656 568 1718 nobilium
599 1656 805 1738 profugorum
830 1654 981 1719 notabilis
1004 1663 1035 1718 st
1058 1658 1263 1738 conspicuus.

46 1740 53 1753 '
127 1740 250 1811 Nescio,
274 1741 349 1823 quid
374 1742 497 1822 equites
512 1742 721 1824 praesidiarii,
746 1742 822 1822 quid
846 1743 940 1817 cives,
963 1742 1040 1822 quid
1063 1743 1159 1806 ceteri
1185 1745 1265 1808 visi-

129 1834 236 1891 tantes
271 1828 473 1890 insolentiam
509 1827 696 1890 coenobitae
730 1828 911 1907 cogitariut.
957 1825 1112 1890 Musaue
1142 1830 1266 1894 vidisse

129 1911 244 1977 nollem
269 1913 300 1977 in
324 1918 389 1976 tam
414 1912 527 1976 celebri
553 1935 676 1995 pompa,
700 1914 785 1995 quod
808 1912 929 1976 scilicet
953 1918 1172 1977 contrasuum
1189 1915 1265 1979 offi-

128 1999 210 2062 cium
234 2021 303 2062 sese
325 1998 507 2061 ostentabat
532 1999 697 2061 universis.
743 1997 820 2061 Lusi
843 2002 916 2079 post
938 1999 1122 2079 evangelica
1153 2001 1265 2065 studia

128 2085 253 2167 poetica
275 2084 458 2148 urbanitate
489 2085 521 2146 in
544 2084 760 2164 spectaculum
791 2082 879 2147 illud.
925 2083 1122 2148 Existimans
1152 2091 1263 2151 autem

129 2169 212 2234 sales
235 2175 363 2234 nostroe
385 2170 444 2232 tibi
473 2169 693 2233 amantissimo
717 2169 779 2233 mei
802 2168 868 2233 fore
895 2189 1018 2246 erravere,
1045 2169 1143 2234 diuid
1165 2173 1208 2235 ad
1232 2179 1266 2237 te

130 2256 287 2320 facetusas
311 2255 465 2338 ejusmodi
490 2277 592 2337 nugas
615 2255 804 2319 curavimus.

203 2360 238 2423 ln
262 2381 347 2436 eum,
371 2359 425 2441 qni
450 2358 533 2422 dixit
556 2363 666 2440 poetas
689 2379 887 2440 corrumpere
910 2356 1037 2421 scholas
1059 2356 1197 2423 omnes.⁸

256 2460 356 2542 Culpa
382 2462 522 2524 notanda
544 2461 614 2542 pios
637 2461 705 2523 siue
728 2480 824 2523 causa
846 2459 969 2524 laedere
992 2465 1091 2540 vates,

306 2553 403 2627 atque
426 2547 476 2609 dei
500 2547 617 2608 dunum
642 2546 873 2609 commaculare
896 2545 995 2610 nefas.

253 2632 361 2708 Balbe,
386 2632 481 2695 refers
504 2633 620 2695 studiis
644 2637 751 2694 vatum
777 2631 972 2695 monimenta
995 2655 1117 2711 nocere,
1204 2700 1206 2704 ,

304 2724 459 2800 tanquam
483 2719 549 2781 siut
571 2718 692 2780 sanctis
715 2717 893 2798 perniciosa
915 2716 1042 2782 scholis.

252 2801 418 2885 Improbus
441 2806 473 2866 et
495 2824 607 2866 caecus
626 2801 726 2884 judex
749 2802 830 2865 male
849 2802 983 2884 judicat,
1007 2809 1039 2868 et
1060 2807 1098 2867 tu

308 2889 430 2953 scilicet
451 2889 525 2951 alba
547 2889 647 2970 nigris
669 2888 877 2952 anteferenda
899 2891 1003 2969 putas,

206 2992 251 3056 De
276 3013 323 3069 eo,
346 2990 432 3073 quod
455 2991 551 3072 vulgo
574 2989 704 3053 dicitur:
732 2989 913 3071 „Quidquid
936 2989 1005 3072 agit
1027 2989 1176 3068 mundus

410 3077 586 3141 monachus
610 3075 679 3139 vult
701 3098 770 3139 esse
792 3074 980 3139 secundus.“

232 3180 325 3254 Exul,
350 3179 481 3257 arator,⁴
506 3202 612 3262 aquea,
636 3179 780 3261 supplex,
807 3199 906 3241 nurus
928 3180 1025 3258 atque
1048 3177 1173 3259 puellae

287 3266 478 3347 spectabant
501 3265 615 3328 celebri
639 3269 679 3337 te,
704 3287 794 3327 sacra
816 3284 942 3344 pompa,
966 3263 1026 3325 die.

232 3352 310 3415 llcce
333 3352 502 3433 giganteus
526 3349 628 3432 pater⁵
652 3350 762 3426 affuit;
786 3349 898 3412 unda⁸
921 3348 1041 3412 fluebat

285 3437 324 3500 de
346 3459 451 3518 grege.
476 3437 631 3499 nudatum
656 3435 790 3517 protulit
813 3434 864 3497 ille
888 3439 993 3516 caput.

231 3521 372 3585 Mirabar·
395 3521 553 3585 monacho
576 3521 673 3584 cellas
696 3522 782 3583 exire
804 3521 907 3583 licere.

286 3609 312 3672 Ο
336 3608 451 3671 levitas
476 3608 562 3671 nullo
586 3611 667 3670 teste
689 3605 854 3688 probanda
879 3604 1004 3685 pateus!

234 3692 313 3756 Turn
338 3694 428 3756 lateri
448 3693 579 3776 junctus
602 3714 730 3755 causam
754 3690 832 3753 mihi
855 3694 1047 3771 promserat:
1071 3687 1153 3751 actis

284 3780 451 3861 oppidicae
476 3778 582 3858 gentis
606 3799 728 3858 semper
750 3775 897 3839 adhaesit
920 3796 1041 3837 amaus.

235 3863 326 3941 Exul,
352 3871 468 3941 arator,
493 3885 600 3944 eques,
624 3862 768 3944 supplex,
794 3883 893 3924 nurus
916 3868 1013 3941 atque
1036 3858 1159 3940 puellae

288 3954 504 4032 praetereant:
529 3954 681 4031 superant
701 3949 712 3987 f
733 3953 841 4011 nostra
867 3946 990 4026 forique
1013 3945 1105 4008 mala.

199 4101 213 4129 ι
231 4085 360 4140 cantuar
379 4082 437 4151 ἠέρι
449 4083 507 4135 viro
524 4080 575 4134 cin.
646 4085 660 4122 b
675 4081 744 4133 Sam
763 4083 851 4148 purten
875 4079 1005 4134 urrtrrbru
1024 4079 1064 4133 tir
1082 4079 1267 4134 salurnitana

135 4155 254 4210 Comen:
272 4153 361 4205 verbis
378 4154 435 4204 suis
453 4149 593 4203 inconditis
611 4152 638 4201 et
655 4165 719 4202 sono
737 4149 883 4201 barbarico:
911 4151 1001 4215 poetas
1019 4162 1186 4214 corrumpere
1206 4161 1267 4200 aea·

131 4224 239 4279 domiue.
309 4236 322 4263 0
336 4221 384 4273 deo
402 4220 465 4286 fehlt
483 4219 523 4270 ini
545 4218 611 4280 Onu,
630 4218 695 4270 steht
713 4217 754 4269 bei
775 4218 878 4270 Caum.
938 4217 1037 4269 dcere.
1061 4215 1181 4268 Gauron:
1202 4215 1266 4269 dari

131 4292 234 4347 eunde.
258 4290 372 4343 Coum:
395 4289 472 4342 unda
519 4290 660 4353 fsrrperat.
683 4285 800 4338 cannen:
820 4288 952 4351 superant.

203 4360 306 4412 ¹Auch
325 4359 352 4410 iu
371 4358 471 4411 Camer.
491 4355 583 4408 Liboll.
602 4371 661 4408 uox.
680 4355 702 4406 G
721 4356 769 4407 ‘Za
824 4354 903 4422 ll'gl.
924 4369 977 4406 vor.
997 4351 1039 4404 Br.
1095 4351 1179 4404 lilius
1197 4356 1267 4405 etsta

131 4429 245 4482 (teuent
261 4427 327 4480 fehlt
344 4427 382 4479 im
401 4426 477 4488 θοὰς
495 4440 524 4476 es
543 4424 577 4475 ist
595 4439 643 4476 aus
662 4423 761 4475 danim:
781 4423 962 4491 hiuzugeliigt,
981 4421 1015 4473 da
1033 4436 1062 4472 os
1080 4420 1268 4490 urspriiugliuh

131 4499 167 4550 im
186 4497 273 4550 Briolu
291 4495 436 4564 gastandan
457 4492 543 4545 haben
563 4507 645 4544 muss.
700 4493 710 4523 ⁴
728 4492 812 4545 Unter·
830 4496 916 4544 uratur·
933 4488 1053 4542 rorstoht
1076 4488 1178 4542 Mutian
1200 4488 1274 4542 uacb'

131 4567 217 4619 eeiuer
233 4566 344 4643 eigeneu
361 4563 506 4630 Erkldrung
522 4561 549 4612 in
563 4560 605 4613 Br.
616 4561 650 4612 24
667 4560 743 4613 einen
755 4558 1009 4628 gruudbesitzeuden
1020 4557 1140 4627 Adligsu.
1196 4557 1275 4619 ‘Det

130 4634 323 4701 Beuediktruer,
342 4630 492 4701 spottweiso
509 4646 539 4684 so
556 4632 678 4699 gerraunt
