2774 4966
367 13 1299 280 nn-

126 608 167 672 26
480 608 567 663 Briete
584 607 625 662 bis
642 624 699 663 amn
719 608 911 665 Herbst1505.

131 782 309 845 venticulis.
355 783 454 847 Docet
482 806 583 847 rerum
608 784 803 865 experientia
825 785 1019 849 robustiores
1042 809 1109 849 esse
1133 789 1165 848 et
1189 784 1255 847 lae·

131 870 197 931 tius
220 871 480 951 constantiusque
503 872 615 943 vivere,
639 872 693 953 qui
716 872 843 935 subdio
867 873 1005 952 lorisque
1034 878 1199 934 versantur
1223 874 1256 933 et

131 955 229 1017 dediti
254 962 329 1018 sunt
352 957 551 1020 subdialibus
585 959 625 1019 et*
649 959 827 1037 agrestibus
861 959 1019 1039 operibus.
1065 959 1174 1021 Dices:
1210 957 1255 1019 sic

128 1064 166 1104 ex
191 1041 344 1105 monacho
368 1044 444 1105 tacis
467 1044 635 1123 agricolam
660 1049 692 1106 et
714 1043 869 1107 colonum.
909 1045 951 1108 hli
975 1044 1110 1120 Urbane,
1140 1044 1256 1125 legitur

127 1128 158 1190 in
184 1127 323 1191 Decretis
357 1131 518 1193 canonicis
549 1131 632 1192 viros
663 1152 768 1192 sacros
796 1138 868 1213 post
897 1131 1086 1194 matutinum
1115 1130 1254 1193 officium

128 1215 307 1276 revisitasse
334 1237 413 1295 opus
443 1218 610 1296 agrarium.
664 1216 819 1279 Solebant
848 1219 942 1280 etiam
967 1217 1084 1299 priores
1107 1215 1256 1280 monachi

128 1305 295 1363 contexere
318 1302 426 1364 corbes
451 1311 482 1364 et
505 1304 622 1364 amicos
646 1303 762 1366 donare
785 1303 932 1366 rasilibus
956 1303 1146 1366 calathiscis.
1188 1303 1254 1383 Ego

127 1409 198 1447 vero
219 1387 324 1468 jubeo,
349 1395 384 1449 ut
407 1389 529 1451 labores
547 1390 640 1452 duros
657 1391 807 1471 operariis
823 1395 918 1471 aterne
941 1389 1089 1452 villaticis
1114 1389 1254 1452 mandes.

128 1473 203 1536 l'olo
236 1479 394 1555 spectator
427 1476 469 1538 sis
504 1481 534 1538 et
567 1475 709 1538 hort-ater
743 1497 774 1537 er
807 1476 953 1539 assiduos
988 1498 1113 1558 quoque
1146 1474 1254 1538 lector.

127 1557 287 1640 Colligant
309 1561 361 1623 alii
386 1566 517 1641 segetes,
549 1568 584 1623 tu
608 1562 703 1624 libros
727 1561 849 1641 collige.
888 1561 1035 1642 Magnam
1060 1582 1191 1624 messem
1209 1561 1256 1622 te·
1290 1591 1299 1613 ·

128 1645 211 1722 cisti,
235 1646 262 1708 si
286 1649 515 1728 comparaveris
546 1647 715 1729 Augustini
741 1647 854 1710 llathi¹
881 1648 1018 1712 novitios
1040 1653 1136 1729 atque
1158 1648 1255 1710 raris-

128 1733 224 1795 simos
249 1733 381 1796 codices.
436 1734 597 1797 Praeclare
624 1741 728 1797 tecum
761 1741 882 1814 agetur.
914 1736 940 1796 si
968 1737 1132 1815 utriusque
1159 1735 1255 1807 vitae,

128 1818 272 1883 literatae
296 1827 325 1882 et
349 1820 494 1895 rusticae,
519 1820 640 1883 tructus
664 1821 846 1903 perceperis
884 1821 934 1883 lta
949 1822 1014 1897 liet,
1037 1825 1100 1884 ut*
1116 1822 1256 1902 corporis

128 1911 160 1968 et
182 1906 278 1969 animi
303 1905 512 1970 valetudinem
538 1912 568 1969 et
592 1907 707 1989 pariter
730 1907 906 1988 philosophi
932 1912 963 1970 et
989 1906 1150 1970 oeconomi
1184 1905 1255 1969 otti-

129 1994 210 2055 cium
235 1993 405 2056 custodias.
460 1993 550 2058 Nunc
581 1995 688 2075 paneis
710 1993 882 2071 absolvam,
906 1995 993 2074 quod
1017 1994 1170 2074 reliquum
1196 1996 1255 2055 est.

128 2078 313 2160 Spoletinus
338 2086 452 2157 noster,
476 2080 513 2141 de
536 2102 598 2162 qno
622 2080 681 2143 dici
700 2086 814 2161 potest,
832 2081 915 2161 cloud
932 2080 1080 2143 scribitur
1097 2080 1134 2142 de
1152 2079 1256 2142 Fusco

129 2163 322 2229 Salinatore:
351 2167 434 2247 „ipse
451 2173 499 2229 est
515 2166 687 2242 studiosus,
711 2166 855 2229 literatus
872 2167 976 2243 etiarn,
995 2167 1131 2230 disertus
1147 2166 1253 2239 etiam,

130 2272 207 2335 puer
230 2252 441 2333 simplicitate,
466 2254 615 2316 comitate
634 2253 769 2334 juvenis,
795 2275 891 2316 senex
914 2250 1116 2335 gravitate“‚²
1142 2252 1255 2331 Spala-

130 2339 217 2401 tinus
251 2339 379 2421 inquam
417 2345 523 2402 noster
554 2340 639 2402 misit
666 2340 704 2403 ad
728 2363 778 2402 me
802 2340 886 2403 hunc
910 2341 1082 2403 literarium
1108 2339 1254 2402 indicem.

131 2425 163 2487 Si
182 2448 230 2488 me
246 2447 343 2494 amas,
361 2448 435 2487 eme.
454 2426 545 2488 hlitte
562 2428 711 2489 viatorem
729 2427 768 2489 ad
785 2426 982 2490 bacillarium
1001 2421 1255 2506 Hombergium⁸,

130 2513 295 2575 utstatim
321 2513 380 2574 tibi
404 2511 548 2575 volumen
574 2514 781 2575 transmittat.
827 2513 999 2595 Nunquam
1024 2521 1055 2575 te
1084 2512 1255 2594 emptionis

131 2599 316 2680 poenitebit.
362 2598 509 2662 Proximo
532 2598 677 2662 Mercurii
700 2600 750 2661 die
774 2598 922 2663 salutabo
940 2599 1106 2676 abbatem,
1130 2621 1203 2661 mox
1222 2598 1253 2660 in

127 2690 218 2748 tuum
242 2685 431 2766 praetorium
460 2685 553 2766 juxta
581 2686 682 2748 vicum
709 2685 914 2767 ssdpratum⁴
940 2687 1103 2761 divertam,
1127 2685 1182 2747 ubi
1206 2683 1254 2746 bi·

128 2770 190 2834 duo
214 2773 364 2835 continuo
388 2771 558 2853 Augustini
582 2771 678 2834 Dathi
699 2773 797 2834 libros
814 2772 956 2835 evolvam
974 2773 1042 2835 sine
1060 2777 1114 2835 tuo
1132 2792 1253 2833 rerum-

127 2879 188 2937 que
219 2864 345 2921 tuarum
379 2857 503 2921 damno.
558 2858 668 2941 ltaque
700 2858 899 2941 loconesse,
935 2864 971 2921 ut
996 2858 1131 2922 llathunr
1157 2856 1256 2920 isthic

128 2945 295 3007 inveniam.
342 2943 498 3025 Spalatini
531 2967 624 3026 opera
659 2945 770 3008 viatori
799 2952 854 3007 tuo
887 2967 946 3008 non
972 2944 1070 3008 deerit
1094 2945 1125 3006 in
1149 2944 1256 3026 requi-

128 3031 225 3096 rendo
250 3031 431 3112 bibliopola.
479 3031 522 3093 De
546 3031 595 3095 his
619 3031 780 3094 hactenus.

577 3117 664 3182 Scito
691 3119 795 3199 digua.

232 3203 405 3269 Semidocti
431 3205 587 3277 nesciunt,
610 3206 685 3284 quid
710 3207 752 3266 sit
773 3204 920 3279 rusticus,
945 3203 1020 3283 quid
1044 3206 1161 3277 arator,
1179 3200 1255 3282 quid

130 3297 306 3355 veteranus.
364 3291 429 3371 Ego
465 3313 526 3353 non
562 3293 663 3373 patiar
699 3296 728 3354 te
763 3312 872 3353 errare.
931 3289 1076 3352 Veterani
1101 3296 1176 3351 sunt
1200 3287 1256 3364 illi,

128 3400 208 3458 quos
233 3378 326 3458 vulpe
351 3377 471 3440 nobiles
494 3378 663 3459 appellant.
704 3377 811 3439 Abhas
827 3382 901 3438 tuns
918 3382 950 3437 et
972 3376 1070 3457 ipsius
1091 3375 1258 3456 pocillator

133 3465 284 3527 Camillus
300 3464 387 3527 liuor
403 3470 619 3526 veteranorum
637 3463 693 3525 tilii
711 3469 795 3527 sunt.
824 3464 841 3524 i.
861 3486 885 3524 e.
902 3463 914 3500 b
932 3462 1083 3523 nobilium
1103 3460 1255 3542 equitum.

132 3552 278 3614 Aroteres
303 3551 334 3613 hi
358 3558 441 3622 sunt,
466 3551 519 3631 qui
544 3550 663 3612 hahent
686 3551 812 3628 praedia
836 3548 962 3611 rustica
989 3571 1050 3609 non
1075 3548 1127 3629 qui
1154 3553 1257 3619 arant,

129 3660 208 3720 cruos
238 3638 393 3717 agricolas
424 3642 455 3698 et
485 3637 612 3698 colonos
641 3637 766 3698 dixeris.
818 3635 968 3696 Rusticus
998 3633 1142 3714 generale
1165 3655 1258 3695 voca·

129 3725 236 3787 hulnrn
268 3725 305 3785 ad
337 3746 446 3787 ornnes
477 3724 621 3803 pertinet,
654 3724 708 3804 qui
739 3727 794 3783 aut
817 3721 953 3802 oppielici
978 3727 1034 3782 aut
1056 3719 1168 3782 urbani
1193 3741 1257 3783 non

131 3816 217 3887 sunt,
252 3811 317 3872 sive
351 3810 417 3872 sint
449 3808 594 3871 monachi
628 3810 693 3870 sive
727 3808 914 3870 claritudine
937 3806 1091 3869 natalium
1116 3805 1258 3868 illustres

130 3899 196 3959 eive
221 3897 324 3959 villici.
370 3897 481 3974 ltaque
505 3895 635 3958 comites
659 3904 688 3957 et
713 3916 856 3975 proceres
873 3899 903 3954 et
926 3892 1015 3955 multi
1041 3893 1182 3972 insignes
1199 3892 1258 3954 viri

132 3983 242 4046 rustici
275 3987 357 4045 sunt.
409 3982 489 4045 thim
516 3982 595 4044 idem
621 3982 720 4043 honor
744 3980 920 4042 hahehatur
944 3980 1101 4041 veteranis
1126 3979 1179 4060 qui
1203 3979 1258 4040 de-

129 4069 320 4133 curionibus.
374 4067 457 4129 Sunt
486 4074 591 4130 autern
625 4068 817 4129 decuriones.
851 4078 883 4127 ut
916 4065 975 4128 hec
1006 4086 1132 4145 (proque
1155 4064 1260 4128 obiter

127 4157 302 4239 explanem,
338 4176 418 4234 quos
451 4155 598 4216 scabinos
631 4171 685 4215 seu
721 4152 901 4215 eorrsulares
934 4157 1060 4214 vocant.
1106 4150 1156 4213 Fir
1180 4171 1258 4214 aevo

199 4308 210 4332 ί·
225 4300 254 4342 ut
272 4290 339 4356 fehlt.
377 4293 389 4329 ¹¹
407 4288 494 4355 llrrfi'r'r
511 4289 559 4338 dns
577 4288 684 4339 Zeirtnnr
790 4309 817 4337 se
837 4287 912 4337 rurist
931 4285 972 4336 eei
995 4285 1249 4350 tt'nrtetlturmpen.

200 4364 207 4393 ¹
226 4360 390 4424 humerinos
409 4358 519 4411 l'rartee.
545 4357 722 4409 italienisehcr
744 4357 883 4408 llunranist
904 4355 956 4406 und
974 4355 1126 4420 Plrileseph,
1145 4355 1165 4417 t·
1184 4357 1258 4406 rita.

132 4430 208 4483 Scine
227 4424 355 4481 Sclirit'ten
375 4428 483 4478 ivurden
505 4429 569 4478 lsrtllt
589 4444 621 4478 zu
640 4428 715 4478 Stena
736 4425 956 4487 heransgepehen.
994 4426 1003 4454 '²
1022 4423 1259 4488 l‘tin.]‹}p.t'1,‘2e

182 4501 192 4529 ³
211 4498 365 4551 Baiarlarius
384 4496 522 4563 llonrherg,
542 4497 657 4548 lht'urter
678 4495 869 4548 lhrchhr'iruller.
891 4493 946 4559 tel.
967 4509 999 4544 nu
1013 4493 1053 4543 le.
1073 4493 1112 4542 Aa.
1168 4495 1178 4523 ⁴
1195 4492 1262 4546 llort

130 4569 254 4620 Schhnau
273 4567 313 4618 hei
332 4565 512 4632 licorgenthnl,
532 4566 577 4618 das
596 4566 655 4616 dem
675 4565 779 4617 Kloster
798 4562 955 4629 urrtergohen
968 4578 1028 4615 wan
1066 4561 1155 4613 reue
1168 4561 1260 4616 hesoss

130 4637 249 4690 daselhst
275 4637 332 4689 eino
358 4635 573 4703 Anrtsuohnung¹
599 4635 645 4687 der
669 4633 769 4687 Mutiau
797 4631 931 4686 Mitrvvoch
956 4631 1006 4684 den
1032 4631 1072 4685 27.
1096 4633 1163 4699 Aug.
1182 4630 1259 4687 einen

130 4706 240 4761 Resuch
258 4705 387 4760 abstatton
405 4702 498 4760 wollte.
