2774 4966
1022 411 1029 427 0

519 613 626 667 blutiau
643 628 679 666 au
696 612 797 666 Urban.
1165 618 1229 683 245

90 789 232 850 montem
261 784 393 849 domiui
431 785 585 861 ascendit,
620 786 674 867 qui
706 785 793 867 jurat
825 786 970 869 proximo
1004 810 1062 850 suo
1097 795 1129 851 et
1162 812 1225 853 non

94 871 222 953 decipit.
270 870 361 935 Verte
395 871 605 934 sententiam:
645 893 719 952 ergo
750 872 805 951 qui
833 872 919 954 jurat
950 876 982 934 et
1012 873 1138 955 decipit,
1168 875 1222 938 de-

93 956 225 1019 scendet
247 954 287 1018 ad
312 955 440 1019 inferos.
487 955 651 1037 Conjurati
675 978 784 1019 sumus
808 962 839 1019 et
866 957 991 1019 loedere
1024 966 1227 1024 sacrosancto

90 1041 243 1124 copulati,
275 1041 330 1104 sod
365 1041 492 1105 funesta
526 1043 660 1122 pecunia
699 1042 775 1105 fecit
810 1041 926 1106 Judam
965 1043 1159 1125 proditorem
1196 1051 1228 1110 et

91 1125 245 1192 Cotilum'
282 1126 506 1190 fraudatorem.
551 1126 607 1190 Ille
639 1128 813 1203 dominum,
845 1127 897 1189 hic
928 1127 1056 1191 fratrem
1092 1129 1224 1212 decepit.

93 1215 135 1276 At
158 1212 259 1275 dices:
284 1211 360 1293 quid
378 1216 513 1293 prosunt
529 1214 608 1276 istae
631 1213 803 1293 querelae?
826 1213 903 1294 quid
919 1212 1059 1294 rhythmi
1076 1214 1226 1279 dentati?

91 1298 241 1361 Fortasse
275 1297 363 1372 nihil,
395 1297 450 1360 sed
485 1298 593 1360 levant
626 1297 805 1361 molestiam
829 1303 861 1361 et
885 1299 1067 1361 memoriam
1102 1302 1224 1384 accepti

92 1383 201 1447 damni
224 1386 368 1445 recreant
390 1405 409 1445 a
433 1403 581 1446 moerore.
629 1381 748 1446 Scribit
772 1383 908 1464 Arpinas
932 1387 1055 1447 orator:
1083 1385 1224 1466 ,Catone

93 1470 165 1551 quis
181 1467 308 1549 gravior
324 1468 355 1530 in
375 1466 544 1545 laudando,
561 1468 704 1531 acerbior
720 1471 751 1532 in
770 1468 988 1551 vituperando,
1007 1469 1038 1531 in
1057 1472 1225 1548 sententiis

92 1555 244 1634 argutior,
269 1553 301 1615 in
326 1552 468 1616 docendo
491 1549 699 1617 subtilior?“²
745 1553 823 1616 Eum
848 1555 952 1635 ipsum
977 1576 1046 1617 sum
1070 1555 1225 1619 imitatus.

91 1638 125 1702 Si
148 1659 229 1715 erro,
259 1638 395 1701 libenter
425 1659 492 1701 erro
524 1661 595 1701 cum
626 1638 758 1703 Catone.
806 1639 906 1702 Allusi
931 1639 970 1702 ad
996 1640 1102 1703 decem
1135 1663 1225 1722 prae-

92 1729 183 1805 cepta
216 1727 247 1786 et
278 1729 355 1787 sunt
384 1723 436 1786 hic
469 1724 575 1787 decem
612 1746 774 1805 perversa:
810 1746 886 1807 opes
920 1746 1044 1788 summa
1076 1726 1224 1804 beatitas,

95 1814 275 1874 contemtus
298 1809 434 1872 sanioris
458 1809 585 1885 decreti,
609 1809 757 1890 superbia
781 1809 876 1887 Lotii,
898 1831 959 1872 vox
977 1810 1106 1888 absona,
1125 1811 1224 1893 hypo-

94 1896 209 1960 criseos
235 1899 320 1969 nota,
343 1894 447 1958 lucelli
477 1895 625 1970 aviditas,
654 1895 821 1977 imperitia,
852 1895 1015 1970 helluatio,
1048 1897 1224 1978 impuritas,

93 1980 299 2044 defraudatio.
346 1980 405 2057 Tu,
436 1980 479 2043 mi
510 1980 647 2056 Urbane,
678 2003 748 2044 cum
780 1982 890 2062 paucis
921 2003 986 2043 rem
1016 1984 1224 2062 communica,

94 2090 130 2130 ne
153 2067 256 2130 dicam
275 2087 346 2128 cum
363 2065 561 2129 Parmenone
585 2066 789 2130 Terentiano:
816 2067 969 2147 „Egomet
984 2079 997 2106 ⁵
1021 2069 1223 2132 meoiudicio

93 2154 185 2216 miser
208 2152 300 2234 quasi
324 2172 417 2214 sorex
439 2149 570 2233 perii.“³
615 2151 700 2215 Vale.
746 2152 803 2214 Die
826 2152 1063 2233 aequinoctiali.

245 2250 307 2306 Cod.
325 2250 392 2305 iret.
411 2250 470 2304 221.

94 2422 183 2477 (iotha
622 2405 692 2469 193.
728 2419 839 2489 (wenige
856 2420 924 2490 Tage
942 2440 967 2476 u.
986 2422 1026 2477 23.
1045 2422 1115 2491 Sept.
1137 2423 1223 2493 1512.)

464 2532 611 2602 Mutiau
633 2553 683 2602 au
705 2531 845 2602 Urban.

94 2660 252 2728 (Vericidr'qt
269 2661 327 2713 sich
341 2678 420 2729 peperi
445 2661 550 2713 Urbane
575 2661 702 2727 l'orrrurs
722 2660 928 2713 urrclrristlr'clrerr
952 2660 1056 2715 mures.
1081 2661 1145 2713 decb
1170 2662 1226 2714 rclll

92 2747 117 2781 er
137 2731 196 2782 sich
221 2729 355 2782 nuamclrr
377 2729 408 2782 in
435 2729 537 2782 Gedrrlrt
559 2730 656 2795 suasor.
698 2728 796 2781 ll'ttrrtc
819 2746 898 2796 qcrnc
914 2729 963 2779 den
981 2729 1098 2795 Peirrjus
1117 2731 1148 2780 cir
1165 2730 1224 2782 sein

93 2798 217 2865 Erfurtcr
235 2798 314 2852 Hans
331 2798 499 2864 uufirclrmcrr,
518 2815 593 2849 rccnrr
611 2799 656 2849 (tn
674 2797 801 2864 brslecripc
823 2797 935 2849 Inleabcr
952 2797 1003 2849 ruit
1018 2803 1094 2862 puter
1116 2797 1225 2850 lfurucr

472 2867 585 2933 errtfcrnt
605 2867 706 2918 werden
722 2867 834 2932 tifrrulc.)

155 2979 292 3030 Erudito
311 2982 342 3030 et
360 2980 512 3040 imprimis
535 2981 678 3030 consulto
703 2981 852 3041 magistro
876 2980 918 3029 Η.
942 2978 1071 3028 Urbano
1099 2992 1186 3030 oece-

257 3077 358 3124 nomo,
376 3069 526 3125 tanquam
543 3067 669 3126 parenti
687 3064 865 3115 venerando
884 3066 928 3115 Μ.
946 3063 1057 3115 Rufus.

191 3157 225 3222 S.
271 3159 405 3222 Gratum
436 3158 523 3235 milri,
549 3159 633 3242 quod
658 3181 706 3221 me
729 3158 896 3221 celandum
928 3181 992 3222 non
1023 3159 1154 3240 putasti,
1185 3182 1223 3222 ne

92 3243 120 3303 in
146 3245 311 3325 proposito
339 3265 585 3326 perseverarem,
609 3245 674 3306 fore
698 3244 791 3320 enirn,
817 3248 853 3305 ut
870 3243 982 3305 botius
999 3248 1073 3306 voto
1090 3244 1221 3306 truatur.

92 3326 229 3392 Proinde
250 3328 459 3393 luctationem
484 3352 554 3393 cum
579 3329 767 3392 adversariis
790 3334 822 3390 et
845 3328 976 3409 laqueos
1000 3334 1032 3389 et
1054 3329 1222 3409 praesidia,

92 3435 172 3495 quae
207 3420 321 3478 contra
354 3415 591 3492 collocaveram,
624 3412 740 3477 tacitis
766 3415 978 3496 permitterem
1014 3413 1098 3476 fatis.
1155 3413 1222 3493 Ego

91 3519 136 3560 me
170 3499 307 3580 pedibus
342 3501 459 3563 iturum
494 3502 526 3563 in
560 3501 754 3563 sententiam
788 3504 876 3562 tuam
915 3498 1034 3561 dixisse
1067 3499 1221 3576 memini,‘

91 3583 233 3665 nihilque
268 3590 520 3668 praesumturum
553 3586 795 3649 inconsiderate.
852 3585 931 3648 Nam
967 3590 1002 3646 ut
1037 3589 1086 3647 est
1113 3584 1223 3647 crebra

89 3690 155 3733 sors
180 3669 412 3746 calamitatum,
437 3673 602 3733 innumera
618 3671 695 3733 mihi
712 3672 903 3733 documenta
920 3671 1074 3751 patientia
1091 3670 1221 3751 peperit.

89 3751 222 3820 Moleste
245 3755 316 3834 tuli,
339 3757 424 3838 quod
455 3756 631 3819 admonitio
655 3763 710 3820 tua
734 3779 809 3819 sane
830 3755 918 3835 justa
942 3761 974 3817 et
996 3756 1101 3834 gravis
1131 3755 1223 3819 foeda

88 3841 294 3922 sugillatione
312 3863 374 3904 non
391 3843 502 3904 caruit.
549 3841 694 3904 Incendit
709 3864 758 3904 me
775 3842 836 3904 ista
853 3840 1021 3915 acer-bitae,
1038 3860 1221 3920 quanquam

88 3926 390 4008 flagrantissimum,
414 3931 446 3990 et
470 3949 531 3989 nou
557 3932 621 3989 tarn
653 3949 793 3989 amarum
826 3927 886 3988 fuit
918 3925 1065 3988 fortunae
1102 3926 1222 3988 viribus

86 4013 305 4090 succubuisse,
331 4033 414 4093 quae
437 4034 531 4075 caeca
554 4019 603 4075 est
626 4017 667 4087 et,
692 4018 725 4073 ut
744 4012 866 4074 Plinius
883 4012 998 4091 inquit,
1018 4011 1220 4090 indignorum

88 4096 220 4175 fautrix,
258 4119 353 4179 quarn
392 4099 459 4180 pati
497 4097 642 4160 sublatos
680 4096 853 4159 cachinnos
891 4118 1008 4172 corum,
1048 4097 1102 4176 qui
1142 4097 1221 4158 bene

87 4181 235 4248 literatos
257 4205 373 4246 vexare
400 4188 477 4246 sunt
504 4183 599 4246 soliti.
647 4183 737 4245 Nunc
767 4181 885 4244 Christi
916 4182 1009 4244 nobis
1040 4181 1219 4263 exemplum

86 4269 222 4333 adducis
238 4273 271 4331 et
287 4270 344 4345 vis,
362 4275 397 4332 ut
414 4268 507 4331 horno
532 4273 646 4331 natura
671 4269 794 4349 patiens
811 4267 929 4330 bardus
946 4269 1004 4329 sim
1024 4271 1055 4329 et
1073 4267 1221 4348 stupidus

153 4405 337 4524 lli-golndliiirs.
355 4469 381 4523 S.
400 4470 434 4548 98
452 4473 482 4523 A.
502 4470 526 4524 3.
580 4470 661 4522 ²Cic.
681 4469 754 4522 Brut.
776 4470 815 4533 17,
834 4469 875 4545 uu,
931 4467 1014 4534 ”Tau
1032 4467 1097 4522 Eun.
1120 4467 1177 4532 Vll,
1197 4468 1220 4520 7.

85 4539 164 4594 ⁴Die
183 4538 277 4593 Worte
300 4539 394 4592 stebeu
414 4555 452 4591 rm
475 4538 518 4592 Br.
545 4540 598 4609 1ῖ3Ι
618 4557 642 4593 v.
661 4541 728 4607 Aug.
750 4538 824 4605 1512,
850 4538 892 4589 dre
918 4536 978 4605 lolg.
998 4539 1152 4605 busseruug
1177 4552 1221 4589 am

84 4606 213 4664 murum
232 4606 280 4663 dee
296 4606 344 4661 Br.
363 4607 419 4661 189.
