2774 4966
541 642 647 696 Mutian
666 659 700 695 an
720 642 819 696 Urban.
909 671 912 674 >
1184 644 1245 708 197

121 813 246 896 principi
284 815 535 891 vecordiusculo‚
573 814 674 878 altera
707 815 789 894 gerit
825 813 959 877 tutelam
995 814 1116 896 pupilli.
1173 816 1243 879 Nun

125 899 229 963 (allata
260 900 329 964 acie
365 900 529 975 dimicant,
553 900 607 963 sed
631 906 698 962 arte
722 904 754 961 et
777 899 958 962 incursibus
993 904 1122 963 vastant
1156 902 1244 965 vicos

127 986 152 1045 et
172 1006 260 1065 agros
276 990 309 1049 et
325 986 578 1049 commilitonum
604 1006 731 1048 manum
747 997 760 1024 ⁸
784 985 924 1047 invitant
939 985 970 1047 in
989 986 1244 1050 communionem

129 1070 256 1146 praedae.
313 1070 396 1146 Quid
431 1071 462 1133 in
495 1070 675 1151 Duringia?
730 1070 785 1132 Vis
819 1071 847 1132 vi
883 1069 1053 1151 repellitur.
1112 1070 1245 1135 Habetis

133 1152 202 1218 intra
233 1177 338 1219 muros
374 1154 604 1237 hippotoxotas
639 1155 785 1237 praesidii
820 1155 899 1231 loco,
938 1155 1030 1217 credo
1067 1159 1245 1221 strenuosb

136 1236 211 1313 viros,
233 1240 359 1304 habetis
383 1241 506 1303 etiam⁰
530 1239 776 1322 sarissophoros,
806 1252 840 1302 nt
860 1240 925 1321 jam
950 1263 1078 1303 necesse
1113 1262 1174 1304 non
1203 1244 1246 1306 sit

139 1326 246 1400 pecunia
267 1327 472 1388 securitatem
497 1330 629 1389 utente
653 1324 828 1387 redimere¹
876 1325 960 1387 Deus
982 1325 1076 1401 faxit,
1099 1332 1134 1390 ut
1160 1329 1245 1407 pacis

140 1427 334 1492 armorumque
372 1411 484 1474 arbitri
517 1433 582 1474 rem
617 1415 820 1492 componant,
859 1410 1058 1491 majestatem
1101 1415 1246 1476 nutantis

143 1492 308 1574 reipublicae
347 1496 515 1559 stabiliant
553 1503 585 1559 et
623 1497 750 1559 Martini
797 1494 963 1558 ditionem²
1002 1519 1039 1559 ac
1079 1497 1245 1579 imperium

143 1572 272 1644 Saronico
295 1581 495 1645 concorditer
513 1586 673 1644 tucantur.
712 1580 787 1644 Vale
803 1585 835 1643 et
851 1581 945 1643 salve.
986 1579 1079 1646 Stato
1098 1584 1244 1664 festoque

143 1665 243 1741 petroni
263 1666 415 1730 ecclesiae
437 1664 660 1749 moguntina&
685 1665 859 1748 pervigilio.

267 1765 327 1821 eod.
346 1765 414 1820 Frui.
432 1765 474 1821 95.

145 1960 214 2021 Galba
644 1957 712 2018 149.
1169 1976 1243 2028 1510.

387 2080 577 2152 Benedikt
599 2083 729 2153 Rufln⁸
751 2104 799 2153 an
827 2083 963 2154 Urban.

145 2197 261 2282 (bartolot
277 2209 341 2261 uber
357 2209 407 2261 den
426 2209 555 2278 liupiatcr
573 2210 718 2262 Bructerum
741 2211 799 2262 arud
817 2210 892 2272 Biue,
916 2211 1006 2262 classen
1025 2210 1107 2276 Bries
1119 2227 1156 2262 arr
1176 2212 1244 2279 Spu-

161 2268 214 2324 lsslm
226 2292 258 2330 zu
273 2277 400 2331 ambacu.
436 2278 490 2331 Lob
507 2280 553 2332 (ter
571 2279 762 2346 Frummipkeu
786 2279 897 2341 Urbana,
919 2280 1066 2347 Spoletina,
1087 2278 1227 2345 Mediana.)

349 2408 488 2459 Henrtoo
506 2409 634 2460 Urbano
652 2409 842 2461 Benedictus
859 2409 1001 2460 Rufinus.

221 2515 318 2581 Salus.
365 2516 512 2582 Christus
527 2518 621 2582 Jesus
643 2520 816 2602 aJosepho
833 2520 949 2582 dicitur
974 2520 1163 2583 mirabilium
1188 2544 1243 2603 pa-

146 2596 219 2693 *tator
236 2623 364 2686 operum
387 2609 420 2666 et
435 2605 516 2666 sacri
540 2605 571 2667 in
588 2608 769 2668 sanctuario
794 2605 975 2687 frequent-er
998 2606 1125 2685 legunt:
1150 2605 1244 2670 Mira-

147 2674 199 2779 blha
216 2687 285 2752 deus
307 2690 339 2751 in
363 2690 483 2752 sanctis
505 2691 580 2752 suis.
626 2689 779 2770 Magister
801 2691 973 2754 Bructerus
996 2690 1114 2753 Christi
1140 2693 1244 2754 salva-

147 2766 202 2832 tons
224 2775 319 2838 nostri
351 2796 476 2837 crucem
505 2775 636 2856 bajulat.
685 2777 759 2838 Erat
788 2776 878 2838 latini
910 2776 1039 2839 ordinis.
1087 2775 1243 2839 Peccavit.

147 2843 292 2924 &aversus
307 2867 365 2923 est.
397 2860 493 2939 Degit
508 2860 539 2923 in
557 2883 647 2924 sacra
665 2862 778 2924 militia
794 2861 1050 2924 Cruciferorum.⁵
1081 2862 1107 2924 0
1125 2861 1243 2925 factum

146 2929 211 3004 lenc!
241 2944 297 3020 Tu,
320 2944 512 3008 venerabilis
536 2945 672 3012 Urbane.
691 2947 842 3009 Bernardi
865 2947 1009 3009 semitam
1034 2948 1118 3009 teris.
1155 2948 1244 3010 Mens

147 3014 225 3090 lerua‘
245 3032 342 3093 sacris
358 3030 550 3093 lectionibus
573 3055 607 3094 sc
622 3033 772 3095 oblectat.
812 3032 999 3114 Spalatinus
1015 3033 1067 3094 die
1085 3039 1244 3116 noctuque

145 3100 185 3170 lto
202 3133 324 3193 peneum
340 3115 524 3196 religiosum
549 3118 670 3180 sincere
695 3116 869 3198 persolvit.²
917 3117 992 3179 llere
1009 3119 1040 3179 in
1059 3117 1150 3180 vobis
1167 3140 1244 3198 apo-

145 3192 243 3263 sloliano
263 3222 367 3264 sermo
390 3202 568 3282 completus
584 3206 649 3265 eet:
677 3204 729 3283 „ln
747 3223 871 3265 omnem
890 3208 1005 3265 terram
1030 3204 1132 3265 exivit
1147 3224 1245 3267 sonus

144 3292 220 3346 torum
241 3293 272 3350 et
295 3287 328 3349 in
351 3286 431 3349 fines
462 3287 548 3350 orbis
577 3294 678 3350 terrae
708 3289 805 3351 verba
833 3289 969 3351 eorum.“
1017 3287 1088 3350 Non
1113 3288 1166 3351 ille
1189 3310 1244 3369 pa-

144 3359 230 3453 alatis
251 3392 354 3452 agnus
376 3370 582 3447 ludaeorum,
607 3373 661 3435 sed
685 3372 737 3436 hic
753 3378 861 3437 noster
884 3373 969 3435 tollit
987 3378 1116 3453 peccata
1140 3377 1172 3436 et
1187 3396 1245 3455 pu-

145 3444 217 3516 rlfiut
231 3461 351 3520 mentes
367 3461 400 3520 et
415 3479 468 3519 eas
484 3457 600 3520 imbuit
615 3458 790 3522 christiana
806 3457 1024 3538 simplicitate3
1049 3458 1134 3538 quod
1151 3457 1245 3521 herus

146 3547 207 3600 acus
235 3564 326 3624 saepe
365 3546 503 3605 testatur
534 3551 565 3605 et
596 3565 702 3605 verum
736 3566 804 3605 esse
838 3545 1013 3623 profitetur.
1071 3544 1243 3626 Epistulam

145 3607 264 3708 Bructeri,
288 3629 315 3690 ei
339 3628 469 3708 quando
493 3629 628 3691 scribere
651 3629 745 3700 volae,
769 3629 808 3691 ad
836 3629 1038 3710 &palatinum
1065 3629 1194 3710 poteris,
1217 3630 1244 3691 si

148 3693 225 3798 liat,
258 3712 452 3776 amicissimo
486 3714 617 3775 tradere.
674 3713 758 3776 Haec
790 3714 941 3776 mandato
974 3714 1094 3776 domini
1129 3714 1243 3777 scribo.

146 3777 242 3859 Utinam
271 3798 415 3874 fideliter,
446 3798 543 3862 sicuti
567 3798 746 3862 mandavit!
793 3798 993 3880 Elegantiam
1026 3820 1089 3862 non
1115 3821 1243 3880 possum

146 3917 194 3935 ⁸*-

195 3932 315 3945 ν--κ--ι

190 4002 322 4054 ⁸animum
344 4001 417 4054 Terra.
488 4005 665 4055 bstrennuns.
737 4003 973 4054 cinerariorum
994 4003 1066 4054 Terre.

145 4071 189 4153 ,ἔξω
212 4085 336 4139 ll'ilhchn
360 4088 412 4139 den
435 4086 543 4139 Alteren
562 4088 588 4138 in
606 4087 663 4139 ihre
683 4087 788 4138 llnueru
816 4088 867 4151 aiil,
884 4087 982 4138 'ianr-cle
1005 4087 1067 4138 aber
1086 4087 1121 4137 im
1141 4086 1245 4138 Winter

144 4140 280 4207 lala-1511
300 4156 385 4208 durch
405 4155 483 4207 einen
501 4154 656 4223 unblutigcn
677 4155 758 4220 lirieg
777 4157 874 4221 (sapen.
901 4155 1101 4220 Hiihnerfehde)
1127 4171 1175 4207 zur
1197 4154 1244 4206 Er·

141 4213 394 4334 ffilllnggoznungun.
433 4223 456 4274 V
475 4222 491 4277 l.
511 4223 588 4275 Rom
598 4223 668 4284 mel,
687 4223 754 4274 Phil.
775 4224 799 4274 tl.
819 4227 943 4291 tirospm.²
960 4222 1243 4287 ‹ticss.1830.1‚23ff.

156 4300 176 4364 ,θ
199 4290 297 4359 gleichc
332 4293 416 4360 Klagc
476 4291 564 4343 utians
594 4293 620 4342 in
651 4291 692 4342 ΒΥ.
724 4293 779 4342 lta.
853 4292 950 4345 ¹chi·
979 4292 1021 4343 diu
1051 4290 1243 4357 kricgcrischcn

137 4344 265 4428 Rmmgen
291 4360 393 4413 airum
426 4360 500 4413 anae
530 4362 596 4412 ram
625 4377 645 4410 s.
672 4359 877 4421 aurium-ut,
900 4361 947 4412 aas
966 4359 1027 4411 ione
1049 4359 1116 4410 iarn
1141 4358 1165 4411 e.
1185 4357 1243 4411 aaa.

158 4423 222 4480 ’Die
239 4427 356 4482 llainzer
374 4427 534 4480 Henschalt.
589 4428 670 4479 ”llos
689 4427 724 4479 hl.
743 4426 846 4478 Martia.
900 4427 1034 4479 *llutians
1053 4427 1155 4479 llicner.
1181 4426 1242 4479 SA

132 4492 187 4545 tl.
252 4496 405 4550 ‘Cruciferi
424 4496 487 4549 odor
498 4495 638 4561 Crucigcri
659 4495 743 4547 Naum
762 4495 964 4547 cnschicdcner
982 4494 1171 4547 Murichaordcn
1191 4493 1244 4545 und

129 4557 257 4618 amiur
274 4564 323 4618 dos
340 4564 490 4617 Deutschcn
510 4563 624 4628 Ordcns3
643 4564 700 4615 hier
717 4563 776 4615 sinit
795 4562 902 4615 lotzteru
920 4564 1041 4630 gorncint.
1106 4563 1118 4595 ⁰
1135 4561 1244 4614 llutian.

151 4628 238 4688 ’nm
254 4632 319 4688 eber
335 4631 453 4701 Spalatiu
470 4632 545 4685 nicht
561 4632 700 4686 anweecnd
718 4631 760 4700 ist,
781 4631 882 4700 orgiebt
899 4632 945 4683 der
962 4630 1078 4684 Schlusa.
