2774 4966
515 601 621 671 llutiun
640 633 674 670 an
692 615 792 671 Urbun.
1184 617 1225 682 29

139 791 240 876 Hujus
264 792 396 877 pietalis
419 813 492 873 ergo
688 790 841 854 Malorum
867 788 939 854 fons
963 794 1011 852 est
1033 789 1183 871 oppidum

140 881 281 944 dicamus
303 880 414 943 animo
437 882 527 957 grato
688 885 718 940 et
742 899 822 940 onus
847 882 953 940 monte
976 877 1113 956 gravius.

141 989 286 1030 coronam
312 967 417 1029 almae
439 963 543 1026 Cereri
688 964 864 1045 Bepserunt
888 964 918 1025 in
944 963 1036 1025 urbes
1059 968 1168 1025 astus·

140 1060 259 1116 textam
284 1054 322 1116 de
345 1052 518 1133 spicilegio,
688 1051 783 1125 liuns,
808 1049 856 1122 lis,
880 1050 1008 1121 lurtum,
1034 1050 1091 1121 ris,
1115 1049 1220 1113 factio.

141 1139 223 1220 quod
247 1141 349 1220 copiis
372 1137 553 1218 agrestibus
688 1137 828 1198 ambitus
851 1143 882 1198 et
905 1135 1061 1217 superbia,

141 1224 261 1288 Urbani
285 1246 397 1305 gazam
421 1223 555 1293 auxerit,
688 1222 766 1284 licor
789 1230 821 1283 et
844 1223 1004 1284 avaritiaa

141 1318 172 1373 et
195 1332 234 1374 ne
259 1317 411 1393 queratur
436 1308 592 1380 Hercules,
688 1318 720 1369 et.
742 1308 806 1370 lere
828 1313 877 1370 tot
900 1305 1030 1387 flagitia.
1046 1319 1059 1345 ⁸

144 1396 269 1460 Urbano
293 1397 405 1460 damus
429 1396 577 1457 decimas.
688 1399 767 1476 qnot
790 1395 879 1457 lucus
904 1395 1003 1456 nutrit
1027 1395 1164 1457 arbores

143 1531 302 1596 Musarum
328 1532 442 1613 hospes
466 1533 566 1602 unice,
688 1529 771 1593 Sunt
802 1531 854 1610 qni
881 1531 998 1593 victum
1023 1552 1060 1592 ex
1086 1530 1221 1604 foenore,

144 1618 268 1683 Urbane
291 1619 333 1681 mi
357 1618 526 1690 carissime,
688 1623 763 1678 sunt
786 1618 839 1698 qui
863 1621 1020 1697 quaerant
1042 1639 1080 1678 ex
1099 1616 1223 1680 Venere.

145 1706 303 1788 congestis
327 1705 358 1766 in
383 1703 525 1766 horreolo
690 1703 796 1765 Prisca
820 1703 966 1784 voluptas
990 1703 1091 1781 periit,

146 1791 291 1874 maniplis
314 1791 460 1853 trituram
484 1788 553 1855 feci.
688 1793 835 1853 amantur·
857 1796 887 1852 et
911 1794 1019 1852 amant
1044 1789 1171 1851 nummi.

147 1879 269 1940 excussi
293 1875 568 1944 canrinnculaw
690 1876 806 1938 Aurum
832 1876 862 1937 in
887 1897 990 1938 cunno
1014 1876 1175 1956 quaeritur

147 1963 234 2026 lestis
257 1964 285 2025 si
309 1962 445 2025 cantilas
468 1962 572 2023 eboris
689 1968 721 2023 et
743 1967 896 2042 quaestus
919 1962 956 2024 {it
980 1960 1098 2042 religio.

149 2050 271 2131 dignam
298 2050 379 2112 inter
403 2048 568 2111 unanimes
689 2048 816 2110 lfoelnrn
841 2055 872 2110 ct
896 2049 1046 2129 templum
1076 2048 1222 2110 venditur

150 2138 288 2217 fidosque
312 2134 563 2197 contubernales.
690 2157 746 2196 nec
769 2140 814 2197 est
841 2135 870 2196 in
896 2134 977 2197 clero
1000 2134 1162 2197 sanctitas.

151 2271 285 2354 Belprati
309 2270 367 2334 dos
391 2269 559 2352 multijuga
690 2271 749 2333 l‘ro
773 2271 840 2352 lege
858 2322 863 2333 .
882 2323 886 2332 .
907 2282 939 2332 ‚⁰
964 2276 1029 2334 stat.
1058 2271 1223 2351 quodlibet

152 2360 222 2422 coeli
245 2357 364 2440 gaudet
385 2359 544 2437 temperie.
689 2357 748 2420 vali
775 2358 873 2420 nostri
898 2358 985 2420 nefas
1008 2357 1133 2420 saeculi.

154 2443 194 2506 ld
216 2445 352 2507 radicem
378 2443 495 2506 montis
519 2446 613 2506 sitnm
692 2445 832 2523 Aequum
856 2445 989 2506 turbant
1012 2444 1172 2518 causidici,

153 2530 220 2592 solis
242 2535 389 2593 exortum
413 2531 573 2611 prospicit.
690 2530 828 2611 linguam
853 2535 885 2592 et.
916 2531 1022 2593 stilum
1047 2529 1222 2597 venditant.

154 2613 289 2679 lloretur
312 2624 364 2678 atr
386 2616 498 2696 spiritu
690 2616 796 2679 labore
818 2617 930 2678 vivunt
954 2638 1135 2698 pauperum.

155 2703 232 2765 vitali
256 2709 287 2764 et
311 2703 450 2763 innoxio.
690 2703 774 2777 Quos
799 2703 918 2765 utinam
944 2724 1014 2764 cum
1039 2702 1166 2764 medicis

153 2786 255 2852 'lestes
279 2793 354 2850 sunt
376 2787 424 2849 rel
448 2791 572 2850 senecio
588 2788 601 2824 ¹¹
690 2796 720 2850 et
744 2811 813 2850 cnm
839 2789 990 2870 enphistis
1013 2787 1148 2868 garrulis

155 2875 193 2936 rel
217 2874 321 2937 villica
344 2874 473 2954 grandis
497 2880 582 2937 natu.
690 2874 830 2937 infernus
855 2875 947 2937 Pluto
972 2876 1108 2955 raperet!

155 3008 293 3075 Secessus
317 3011 556 3074 amoenissimus
689 3010 750 3074 Sed
767 3011 842 3092 quid
860 3012 960 3073 dicam
979 3012 1016 3074 de
1037 3009 1222 3074 monachis?

158 3103 182 3158 et
203 3098 295 3161 simul
319 3097 544 3160 saluberrimus
689 3099 741 3178 qni
759 3119 856 3179 quum
875 3098 1035 3160 mendicos
1056 3120 1089 3159 se
1105 3097 1222 3167 dicant,

156 3184 261 3247 multas
284 3183 380 3246 habet
403 3182 539 3259 delicias,
555 3185 568 3221 ¹¹
689 3185 747 3266 ipsi
773 3184 850 3247 nilril
875 3206 936 3246 non
961 3184 1134 3265 possident,

156 3290 202 3333 seu
223 3277 253 3332 te
276 3292 387 3332 nemus
412 3271 533 3351 nigrum
549 3271 638 3351 juret
692 3272 766 3352 quin
791 3270 926 3333 nltluunt
949 3271 1096 3333 divitiisa

156 3376 203 3419 eeu
225 3378 354 3438 campus
378 3356 611 3430 frumentarius,
691 3367 719 3418 et
746 3357 892 3419 mollibus
917 3357 1085 3419 illecebris:

157 3443 262 3522 piscosi
286 3465 341 3505 seu
367 3442 527 3505 volumina
692 3466 722 3506 re
748 3466 817 3506 reru
842 3465 986 3524 spurcum
1011 3442 1127 3504 animal

160 3527 238 3590 Lini¹
264 3528 311 3591 rel
336 3528 414 3591 dans
437 3529 586 3609 irrignum
691 3536 721 3593 et
745 3535 793 3591 est
817 3529 908 3611 lupus
931 3530 1096 3611 oppidicus

158 3622 271 3693 pratum
296 3616 434 3696 vigorem
458 3615 565 3677 oculis.
691 3616 750 3678 snb
773 3617 846 3695 agni
872 3638 987 3678 nocens
1010 3615 1132 3678 vellere.

160 3748 238 3815 Felix
260 3753 377 3835 quibus
400 3752 463 3816 fors
480 3755 636 3834 praestitit
691 3753 838 3816 Sacratae
862 3754 920 3815 deo
945 3754 1081 3835 uirgines

159 3836 276 3902 invilla
299 3861 522 3902 consenescere
690 3840 758 3902 adit
781 3840 888 3902 buccis
912 3839 1110 3903 rubentibus.

160 3923 284 3989 incultos
307 3927 390 3988 inter
413 3947 449 3988 ac
472 3927 563 3989 rudes
691 3926 778 3988 'l'nnc
802 3926 935 3990 dicimus
959 3948 1016 3989 nos
1040 3925 1174 3989 creduli:

158 4011 203 4072 sed
226 4013 300 4074 mire
323 4012 441 4094 probos
465 4012 615 4075 rusticos:
697 4012 758 4081 „lle
782 4012 838 4074 den
864 4018 953 4093 pater
976 4012 1118 4093 loquitur

160 4094 184 4158 iu
208 4120 273 4160 rure
295 4104 404 4162 manet
427 4098 528 4179 pietas
693 4108 724 4159 et
747 4121 861 4180 pravus
886 4121 985 4161 mores
1009 4097 1167 4178 cor·r·igit.“

160 4190 185 4243 et
207 4186 325 4246 sincera
350 4184 574 4266 tranquillitas,
694 4185 753 4247 Sed
778 4187 853 4265 qnid
878 4186 968 4268 penis
991 4187 1200 4264 protuberat?

160 4289 204 4331 rus
226 4271 279 4333 dal.
303 4271 383 4333 vires
406 4272 532 4351 iugenio
696 4272 797 4333 ,lintis
821 4273 1116 4353 compressiunculis

160 4376 191 4418 ac
211 4357 357 4420 membris
381 4358 596 4420 ualitudinem.
694 4359 855 4438 ruptisque
880 4365 986 4438 turget.
1010 4359 1116 4421 basiis.

146 4472 250 4485 *ua-...-
259 4480 300 4485 ..-

176 4525 272 4647 ¹piueql.
290 4526 318 4581 u'.
371 4527 418 4578 bri
438 4533 469 4578 sl,
488 4528 520 4579 ei.
580 4525 644 4577 clii·
663 4545 736 4578 nrnss
754 4527 797 4578 ein
824 4527 901 4580 ll'mt,
919 4529 1053 4594 unujmn
1073 4529 1134 4579 oder
1151 4545 1227 4583 nunc.

123 4602 137 4639 θ
180 4633 188 4645 «
257 4597 348 4651 accire

138 4594 259 4718 “vlflini
278 4664 422 4731 volumina,
442 4664 642 4730 Kriinrmungcn
660 4665 706 4717 dci·
724 4665 811 4728 Leiria,
838 4665 907 4717 auch
936 4666 971 4717 inr
998 4667 1233 4736 rurlrcrqelreudeu
