2774 4966
519 612 624 672 blutian
643 634 677 672 an
697 614 824 671 Harbord.
1169 618 1229 684 1⁸25

123 790 200 863 boni,
223 814 316 873 quam
342 793 489 874 pinguem
514 796 545 854 et
566 792 686 856 lautam
711 798 742 855 et
758 792 886 855 divitem
908 796 941 853 et
956 790 1153 873 splendidam
1171 812 1237 854 ma-

123 878 223 941 teriam
248 879 465 960 congregabis
489 879 516 940 si
540 879 642 958 prisca
664 901 733 941 cum
759 878 948 953 recentibus,
972 878 1135 940 teutonica
1166 900 1236 941 cum

125 963 220 1026 latinis
243 965 455 1028 contraxeris!
480 963 549 1026 Non
567 972 597 1026 te
612 966 775 1047 poeniteat
791 966 885 1028 etiam
903 977 916 1004 ⁸
933 964 1101 1026 vernacula
1117 972 1234 1027 notare.

128 1048 185 1113 buo
205 1051 282 1113 enim
309 1056 499 1132 spectamus,
522 1073 585 1113 rem
603 1059 635 1113 et
651 1052 754 1113 verba.
792 1052 827 1112 ln
849 1051 943 1113 rebus
960 1051 1080 1113 usitata
1097 1055 1129 1113 et
1144 1050 1237 1112 utilia

133 1135 323 1216 praeterimus.
381 1136 448 1199 Erit
482 1143 586 1199 autern
624 1143 757 1200 conatus
790 1138 841 1199 hic
864 1143 939 1199 tuus
963 1160 1024 1200 non
1051 1136 1148 1212 labor,
1182 1137 1236 1198 secl

135 1221 208 1284 ludus
228 1230 257 1284 et
279 1224 506 1297 laxamentum,
531 1244 627 1303 quum
645 1223 722 1286 nilril
736 1223 908 1304 jucundius
925 1223 967 1285 sit
984 1244 1079 1302 quam
1097 1223 1237 1301 expilare

140 1314 164 1369 et
176 1307 259 1371 lucari
277 1310 338 1372 isto
356 1309 458 1372 ruodo.
484 1307 606 1372 Olurta
623 1310 764 1389 egregia!
791 1310 849 1372 Per
865 1332 921 1373 vos
937 1310 1064 1389 ingenia
1081 1315 1236 1384 crescunt,

140 1392 309 1467 roborantur,
334 1401 500 1477 augentur,
518 1395 725 1458 illustrantur.
766 1395 864 1458 Nemo
882 1396 1016 1475 insignis
1033 1395 1152 1469 doctor,
1176 1396 1237 1456 nisi

140 1480 180 1558 qui
204 1480 268 1543 olim
301 1481 469 1557 audiend0‚
502 1481 643 1563 legende,
670 1483 836 1545 scribendo
871 1482 1045 1563 profecerit.
1092 1481 1172 1556 Quid
1196 1482 1237 1543 sit

144 1565 251 1646 expilare
272 1567 490 1641 hereditatem,
514 1568 561 1631 tui
577 1574 722 1631 auctores
739 1569 862 1632 docent.
907 1567 1042 1630 Notabis
1060 1567 1119 1629 vim
1139 1567 1235 1630 verbi.

146 1649 277 1716 Horatius:
306 1653 395 1732 „Jam
419 1656 498 1716 satis
521 1659 577 1730 est,
610 1677 648 1716 ne
671 1677 720 1717 mo
744 1655 880 1734 Crispini
904 1655 1020 1716 serinia
1043 1653 1119 1734 lippi
1143 1652 1236 1715 Com-

145 1736 216 1815 pilare
238 1745 337 1820 putes.
382 1739 518 1803 Verbum
544 1762 606 1803 non
630 1742 765 1821 amplius
789 1740 947 1803 addam.'“
994 1740 1105 1820 Itaque
1128 1741 1236 1822 suppi-

143 1819 203 1886 labis
215 1827 320 1901 aliena,
343 1834 375 1888 et
391 1833 573 1907 comparata
589 1848 690 1889 rerum
713 1835 744 1889 et
762 1827 926 1889 verborum
945 1826 1160 1908 suppellectile
1177 1826 1235 1888 tibi

146 1905 215 1971 iacies
242 1918 357 1974 vestem
389 1934 427 1974 cx
451 1912 525 1975 lana
553 1913 734 1995 priscorum,
761 1913 867 1976 vinum
891 1936 929 1975 ex
953 1913 1085 1975 racemis
1110 1912 1236 1974 histori-

147 2013 233 2071 corum,
261 2020 373 2079 panem
401 2020 441 2062 ex
464 1997 621 2062 frumento
652 2001 832 2062 vetustatis.
889 1998 993 2061 Habes
1029 2000 1232 2061 monitionem

146 2080 319 2148 utilissimam.
367 2084 482 2162 Habes
506 2086 581 2165 quid
599 2086 723 2148 consilii
746 2088 841 2148 ineas.
874 2084 920 2148 Ne
942 2086 1041 2165 igitur
1063 2086 1234 2147 lectionum

147 2169 239 2232 tuarum
265 2171 479 2234 absurditates
511 2177 542 2233 et
572 2172 828 2235 intricatissimae
852 2172 1076 2254 perplexitates
1099 2172 1157 2233 tibi
1182 2195 1234 2233 ne·

150 2253 238 2329 gotium
252 2268 265 2295 ⁸
280 2257 463 2333 exhibeant,
481 2256 587 2338 digere
604 2280 665 2321 rem
684 2260 714 2320 in
730 2260 844 2339 capita,
862 2258 1058 2335 sedcrrrsin13
1080 2259 1236 2320 nonenim

149 2337 290 2406 ordinatum
322 2365 391 2406 esse
421 2347 535 2424 potest,
563 2345 646 2425 quod
676 2345 781 2407 subito
806 2344 973 2424 colligitur.
1020 2343 1145 2407 Srrlticit
1168 2344 1236 2406 the-

149 2442 242 2491 saurum
263 2429 377 2493 habere
400 2430 432 2491 io
456 2452 512 2492 sex
536 2432 770 2512 promptuariis.
817 2430 952 2511 Scripsit
978 2430 1017 2492 ad
1050 2451 1106 2493 nos
1138 2451 1236 2511 nuper

150 2504 323 2596 llenningus,²
347 2515 460 2578 deinde
482 2515 661 2579 Vuolscus.³
708 2516 792 2579 Nihil
828 2518 943 2580 tersius
977 2516 1120 2591 Vuolsco,
1156 2516 1235 2579 nihil

152 2599 272 2676 copiosius
288 2602 467 2683 Heuning0‚
490 2603 515 2665 si
534 2602 672 2684 linguam
693 2604 906 2684 germanicam
932 2608 1064 2684 spectus.
1096 2601 1234 2665 Eandem

151 2675 237 2748 laudern
258 2690 315 2751 tibi
339 2689 480 2763 vendica,
505 2712 542 2751 ne
565 2689 753 2752 tabelliones
778 2690 830 2752 isti
867 2689 1009 2751 vilissimi
1033 2694 1065 2752 et
1088 2690 1120 2751 in
1143 2689 1236 2752 rebus

151 2776 285 2849 nugatoriis
320 2775 535 2855 loquacissimi
573 2777 765 2858 praeripiant
800 2777 858 2838 tibi
894 2776 1074 2856 popularem
1116 2798 1237 2838 auram.

150 2848 247 2921 llludte
276 2861 366 2923 valde
390 2883 475 2941 roge,
500 2864 727 2944 cirumspectus
759 2863 802 2924 sis
825 2871 854 2925 et
879 2867 1000 2924 caestus.
1039 2861 1179 2924 Locutus
1203 2884 1236 2924 es

149 2935 175 3032 dc
189 2963 226 3004 ne
246 2952 274 3009 et
297 2947 478 3010 domesticis
509 2949 586 3011 meis
614 2949 697 3030 apud
727 2948 856 3013 Crotum
883 2949 974 3010 oirnis
997 2948 1182 3028 simpliciter
1204 2956 1236 3010 et

151 3021 224 3104 libere,
242 3034 328 3113 quasi
347 3055 466 3115 pauper
481 3035 539 3096 sim
556 3057 615 3115 ego
632 3041 662 3098 et
679 3036 811 3097 serviem
829 3034 954 3097 fanrnlis
979 3034 1234 3097 blaterantibus.‘

150 3106 243 3181 lbtibi
265 3121 397 3183 veniam.
452 3120 650 3184 llansuetum
680 3132 711 3184 et
742 3122 924 3202 prudentem
952 3120 1030 3196 vole,
1059 3142 1121 3183 non
1156 3121 1235 3182 deri-

150 3214 219 3264 sorem
243 3217 272 3269 et
300 3206 487 3269 mordacem.
542 3207 600 3269 Hic
626 3214 661 3270 tu
693 3207 771 3268 nibil
799 3208 955 3269 stomachi
978 3207 1157 3282 contrahas,
1181 3208 1235 3269 scd

150 3289 275 3364 acquiesce
300 3293 387 3369 milri,
410 3293 464 3374 qui
491 3293 646 3375 castigare
671 3315 796 3375 possum
816 3300 848 3356 et
865 3301 973 3356 notare
997 3315 1078 3373 quae
1096 3295 1235 3355 notanda

151 3380 210 3462 ¹sunt,
228 3383 256 3439 et
277 3379 449 3459 ignoscere.
494 3378 574 3441 Novi
592 3388 623 3442 te
640 3381 735 3442 intus.
788 3381 853 3443 Hoc
884 3381 1010 3441 sufficit.
1068 3379 1133 3441 Non
1165 3401 1234 3442 sum

151 3458 316 3554 rta'sererus
340 3469 377 3527 ut
392 3464 484 3528 bouis
505 3467 603 3529 stulte
620 3466 738 3546 aliquid
757 3467 962 3547 peccantibus
979 3487 1040 3528 non
1064 3467 1234 3546 ignoscam.

151 3534 268 3619 lelues,
290 3553 314 3614 si
339 3557 403 3614 tam
428 3552 517 3615 seriis
546 3574 640 3632 quam
661 3552 740 3632 jocis
770 3553 904 3615 blutiaoi
939 3553 1104 3615 delectaris
1128 3558 1158 3614 et
1181 3575 1236 3615 au-

150 3628 242 3722 scultas.
282 3637 347 3700 Nos
371 3639 502 3700 eruditis
525 3638 667 3701 feremus
691 3639 813 3719 tibique
838 3639 1016 3701 consultum
1039 3638 1157 3719 optime
1181 3662 1235 3702 cu-

151 3730 242 3789 trous..
280 3724 384 3787 Redeo
412 3724 451 3786 od
475 3724 648 3806 diplomata
671 3724 850 3787 iluimundi.
897 3725 977 3799 Quid
1009 3732 1057 3786 est
1089 3726 1235 3789 volumen

151 3795 320 3872 decretalium
338 3832 432 3892 quam
450 3810 585 3891 tairago.
602 3834 695 3890 equam
714 3817 876 3883 moretum,
894 3831 987 3890 quam
1006 3811 1113 3884 silvae,
1139 3834 1233 3892 quam

152 3894 294 3971 compilatio
309 3908 323 3935 ³
346 3897 593 3978 eliartoplrylacii
609 3899 621 3934 ''
644 3897 858 3979 pontiticalis'?
882 3896 923 3959 bt
947 3901 1050 3959 tamen
1076 3901 1235 3960 cornicum

149 3973 225 4068 mulos
245 3985 381 4064 conligas
405 3989 436 4046 et
461 3984 594 4045 videaris
617 3985 695 4045 sciro
723 3985 768 4045 uti
803 3984 878 4057 loro,
914 3984 994 4046 belle
1029 3985 1115 4057 lacis
1151 3987 1235 4064 quod

148 4062 243 4131 titulum
259 4070 295 4132 de
310 4071 445 4133 honesta
463 4071 527 4130 vita
541 4092 698 4131 sacrorum
717 4071 868 4152 praelargis
891 4070 1097 4132 auditoribus.
1138 4071 1235 4152 ddju-

148 4157 223 4243 tuenta
237 4157 292 4218 tibi
311 4178 372 4218 non
387 4157 501 4217 ‹lesuot
515 4155 620 4221 latino.
639 4159 721 4236 quod
738 4157 868 4217 barbare
888 4158 1040 4237 scriptum
1062 4163 1118 4218 cst.
1137 4181 1236 4220 enun-

145 4238 241 4301 truncia
253 4241 334 4304 Raro
347 4242 444 4324 probe
457 4242 604 4322 loquitur.
619 4245 651 4305 a'i
666 4243 780 4304 alicubi
794 4245 965 4305 sententiaa
982 4243 1074 4309 valet,
1088 4266 1124 4304 ea
1139 4250 1235 4325 perte.

144 4317 214 4387 debet
226 4331 335 4392 ornari.
383 4328 576 4409 Principium
596 4328 738 4408 publicae
755 4329 899 4391 lectionis
916 4352 1037 4410 sonrpor
1054 4336 1086 4391 ot
1106 4332 1234 4394 cottidie

141 4403 233 4475 babeat
255 4415 452 4496 proverbium
470 4416 598 4496 aliquod
616 4415 662 4477 col
682 4416 804 4476 brevem
828 4417 1098 4478 narratiunculam
1114 4429 1127 4454 ²¹
1152 4418 1235 4480 celut

141 4512 277 4603 ”Tua
294 4523 324 4602 'a
365 4550 598 4616 marchomirum.

188 4616 260 4674 ¹Sat.
278 4621 298 4684 r,
318 4620 341 4680 ι,
360 4618 411 4673 120
428 4635 466 4688 sq.
532 4619 653 4672 *cossa
673 4617 697 4670 s,
718 4619 749 4671 ra
770 4621 798 4670 r.
821 4621 841 4671 r.
913 4621 922 4648 ³
942 4619 1049 4672 rorare
1066 4619 1091 4672 s.
1109 4620 1141 4671 sr
1163 4623 1192 4672 a,
1212 4621 1235 4673 a

158 4684 437 4758 ‘insumas
