<?xml version="1.0" encoding="UTF-8"?>
<!DOCTYPE html PUBLIC "-//W3C//DTD XHTML 1.0 Transitional//EN"
    "http://www.w3.org/TR/xhtml1/DTD/xhtml1-transitional.dtd">
<html xmlns="http://www.w3.org/1999/xhtml" xml:lang="en" lang="en">
 <head>
  <title>
</title>
<meta http-equiv="Content-Type" content="text/html;charset=utf-8" />
  <meta name='ocr-system' content='tesseract 3.04.00' />
  <meta name='ocr-capabilities' content='ocr_page ocr_carea ocr_par ocr_line ocrx_word'/>
</head>
<body>
  <div class='ocr_page' id='page_1' title='image "./derbriefwechsel00kraugoog_0736.png"; bbox 0 0 2774 4966; ppageno 0'>
   <div class='ocr_carea' id='block_1_1' title="bbox 228 715 1243 783">
    <p class='ocr_par' dir='ltr' id='par_1_1' title="bbox 228 715 1243 783">
     <span class='ocr_line' id='line_1_1' title="bbox 228 715 1243 783; baseline -0.005 -9"><span class='ocrx_word' id='word_1_1' title='bbox 228 720 319 774; x_wconf 83' lang='lat' dir='ltr'>Zesius</span> <span class='ocrx_word' id='word_1_2' title='bbox 338 736 372 773; x_wconf 79' lang='lat' dir='ltr'>au</span> <span class='ocrx_word' id='word_1_3' title='bbox 391 720 504 773; x_wconf 84' lang='lat' dir='ltr'>blutien.</span> <span class='ocrx_word' id='word_1_4' title='bbox 541 719 645 771; x_wconf 84' lang='lat' dir='ltr'>llutiun</span> <span class='ocrx_word' id='word_1_5' title='bbox 663 734 697 770; x_wconf 88' lang='lat' dir='ltr'>an</span> <span class='ocrx_word' id='word_1_6' title='bbox 716 717 826 771; x_wconf 77' lang='lat' dir='ltr'>Menios.</span> <span class='ocrx_word' id='word_1_7' title='bbox 864 717 966 770; x_wconf 84' lang='lat' dir='ltr'>blutian</span> <span class='ocrx_word' id='word_1_8' title='bbox 985 732 1019 768; x_wconf 82' lang='lat' dir='ltr'>nn</span> <span class='ocrx_word' id='word_1_9' title='bbox 1038 715 1121 783; x_wconf 80' lang='lat' dir='ltr'>hang.</span> <span class='ocrx_word' id='word_1_10' title='bbox 1176 717 1243 780; x_wconf 83' lang='grc'>649</span> 
     </span>
    </p>
   </div>
   <div class='ocr_carea' id='block_1_2' title="bbox 115 887 1244 3222">
    <p class='ocr_par' dir='ltr' id='par_1_2' title="bbox 115 887 1244 3222">
     <span class='ocr_line' id='line_1_2' title="bbox 118 887 1244 970; baseline -0.002 -14"><span class='ocrx_word' id='word_1_11' title='bbox 118 893 292 957; x_wconf 83' lang='lat' dir='ltr'>doctissimi</span> <span class='ocrx_word' id='word_1_12' title='bbox 316 890 480 956; x_wconf 81' lang='lat' dir='ltr'>lohannes</span> <span class='ocrx_word' id='word_1_13' title='bbox 502 889 717 970; x_wconf 83' lang='lat' dir='ltr'>Bresigarius&#39;</span> <span class='ocrx_word' id='word_1_14' title='bbox 743 895 774 954; x_wconf 86' lang='lat' dir='ltr'>et</span> <span class='ocrx_word' id='word_1_15' title='bbox 796 890 952 970; x_wconf 77' lang='lat' dir='ltr'>Georgius</span> <span class='ocrx_word' id='word_1_16' title='bbox 977 887 1143 954; x_wconf 78' lang='lat' dir='ltr'>lichensis²</span> <span class='ocrx_word' id='word_1_17' title='bbox 1160 890 1244 954; x_wconf 84' lang='lat' dir='ltr'>hlei·-</span> 
     </span>
     <span class='ocr_line' id='line_1_3' title="bbox 118 975 1240 1060; baseline -0.004 -17"><span class='ocrx_word' id='word_1_18' title='bbox 118 981 221 1043; x_wconf 86' lang='lat' dir='ltr'>tinum</span> <span class='ocrx_word' id='word_1_19' title='bbox 256 980 422 1060; x_wconf 85' lang='lat' dir='ltr'>recipiunt,</span> <span class='ocrx_word' id='word_1_20' title='bbox 458 979 565 1043; x_wconf 81' lang='lat' dir='ltr'>beant.</span> <span class='ocrx_word' id='word_1_21' title='bbox 600 977 708 1039; x_wconf 78' lang='lat' dir='ltr'>lavent</span> <span class='ocrx_word' id='word_1_22' title='bbox 739 983 770 1040; x_wconf 93' lang='lat' dir='ltr'>et</span> <span class='ocrx_word' id='word_1_23' title='bbox 800 976 958 1039; x_wconf 73' lang='lat' dir='ltr'>veteribus</span> <span class='ocrx_word' id='word_1_24' title='bbox 992 975 1149 1059; x_wconf 80' lang='lat' dir='ltr'>theologis</span> <span class='ocrx_word' id='word_1_25' title='bbox 1172 979 1190 1039; x_wconf 93' lang='lat' dir='ltr'>i.</span> <span class='ocrx_word' id='word_1_26' title='bbox 1216 999 1240 1039; x_wconf 91' lang='lat' dir='ltr'>e.</span> 
     </span>
     <span class='ocr_line' id='line_1_4' title="bbox 119 1062 1242 1144; baseline -0.002 -16"><span class='ocrx_word' id='word_1_27' title='bbox 119 1068 200 1130; x_wconf 86' lang='lat' dir='ltr'>veris</span> <span class='ocrx_word' id='word_1_28' title='bbox 223 1065 400 1129; x_wconf 86' lang='lat' dir='ltr'>conferunt.</span> <span class='ocrx_word' id='word_1_29' title='bbox 446 1063 589 1127; x_wconf 86' lang='lat' dir='ltr'>Helvetia</span> <span class='ocrx_word' id='word_1_30' title='bbox 604 1076 618 1103; x_wconf 71' lang='lat'>³</span> <span class='ocrx_word' id='word_1_31' title='bbox 640 1069 718 1138; x_wconf 85' lang='lat' dir='ltr'>tota,</span> <span class='ocrx_word' id='word_1_32' title='bbox 736 1063 962 1139; x_wconf 80' lang='lat' dir='ltr'>Constantia,b</span> <span class='ocrx_word' id='word_1_33' title='bbox 989 1062 1142 1144; x_wconf 82' lang='lat' dir='ltr'>Augusta,</span> <span class='ocrx_word' id='word_1_34' title='bbox 1161 1063 1242 1126; x_wconf 84' lang='lat' dir='ltr'>bonu</span> 
     </span>
     <span class='ocr_line' id='line_1_5' title="bbox 118 1148 1241 1234; baseline -0.003 -19"><span class='ocrx_word' id='word_1_35' title='bbox 118 1175 190 1234; x_wconf 86' lang='lat' dir='ltr'>pars</span> <span class='ocrx_word' id='word_1_36' title='bbox 223 1151 333 1215; x_wconf 87' lang='lat' dir='ltr'>ltaliae</span> <span class='ocrx_word' id='word_1_37' title='bbox 367 1172 385 1212; x_wconf 88' lang='lat' dir='ltr'>a</span> <span class='ocrx_word' id='word_1_38' title='bbox 419 1149 557 1213; x_wconf 56' lang='lat' dir='ltr'>liuthero</span> <span class='ocrx_word' id='word_1_39' title='bbox 594 1151 718 1233; x_wconf 86' lang='lat' dir='ltr'>pendet.</span> <span class='ocrx_word' id='word_1_40' title='bbox 776 1150 811 1214; x_wconf 81' lang='lat' dir='ltr'>Si</span> <span class='ocrx_word' id='word_1_41' title='bbox 842 1172 861 1213; x_wconf 89' lang='lat' dir='ltr'>a</span> <span class='ocrx_word' id='word_1_42' title='bbox 891 1150 1015 1230; x_wconf 86' lang='lat' dir='ltr'>juristis</span> <span class='ocrx_word' id='word_1_43' title='bbox 1052 1148 1241 1231; x_wconf 85' lang='lat' dir='ltr'>quibusdam</span> 
     </span>
     <span class='ocr_line' id='line_1_6' title="bbox 120 1235 1242 1319; baseline -0.002 -17"><span class='ocrx_word' id='word_1_44' title='bbox 120 1239 380 1302; x_wconf 81' lang='lat' dir='ltr'>sacerdotieriis⁰</span> <span class='ocrx_word' id='word_1_45' title='bbox 403 1237 523 1319; x_wconf 80' lang='lat' dir='ltr'>forique</span> <span class='ocrx_word' id='word_1_46' title='bbox 546 1237 713 1319; x_wconf 81' lang='lat' dir='ltr'>mancipiis</span> <span class='ocrx_word' id='word_1_47' title='bbox 739 1235 887 1318; x_wconf 84' lang='lat' dir='ltr'>litigiosis</span> <span class='ocrx_word' id='word_1_48' title='bbox 918 1236 1118 1310; x_wconf 78' lang='lat' dir='ltr'>discedimus,</span> <span class='ocrx_word' id='word_1_49' title='bbox 1149 1259 1242 1318; x_wconf 85' lang='lat' dir='ltr'>saepe</span> 
     </span>
     <span class='ocr_line' id='line_1_7' title="bbox 120 1321 1243 1406; baseline -0.001 -19"><span class='ocrx_word' id='word_1_50' title='bbox 120 1325 308 1406; x_wconf 66' lang='lat' dir='ltr'>pugnatur(l</span> <span class='ocrx_word' id='word_1_51' title='bbox 332 1325 406 1388; x_wconf 90' lang='lat' dir='ltr'>hinc</span> <span class='ocrx_word' id='word_1_52' title='bbox 430 1345 485 1405; x_wconf 91' lang='lat' dir='ltr'>pro</span> <span class='ocrx_word' id='word_1_53' title='bbox 507 1322 636 1386; x_wconf 89' lang='lat' dir='ltr'>homine</span> <span class='ocrx_word' id='word_1_54' title='bbox 657 1321 746 1386; x_wconf 89' lang='lat' dir='ltr'>illinc</span> <span class='ocrx_word' id='word_1_55' title='bbox 767 1323 935 1386; x_wconf 86' lang='lat' dir='ltr'>diversum.</span> <span class='ocrx_word' id='word_1_56' title='bbox 982 1322 1048 1404; x_wconf 83' lang='lat' dir='ltr'>Ego</span> <span class='ocrx_word' id='word_1_57' title='bbox 1069 1322 1243 1386; x_wconf 89' lang='lat' dir='ltr'>Lutherum</span> 
     </span>
     <span class='ocr_line' id='line_1_8' title="bbox 119 1406 1243 1493; baseline -0.001 -19"><span class='ocrx_word' id='word_1_58' title='bbox 119 1413 163 1474; x_wconf 85' lang='lat' dir='ltr'>ita</span> <span class='ocrx_word' id='word_1_59' title='bbox 187 1411 313 1492; x_wconf 73' lang='lat' dir='ltr'>recipio,</span> <span class='ocrx_word' id='word_1_60' title='bbox 338 1417 375 1475; x_wconf 91' lang='lat' dir='ltr'>ut</span> <span class='ocrx_word' id='word_1_61' title='bbox 399 1409 551 1473; x_wconf 86' lang='lat' dir='ltr'>nonnulla</span> <span class='ocrx_word' id='word_1_62' title='bbox 574 1410 605 1473; x_wconf 92' lang='lat' dir='ltr'>in</span> <span class='ocrx_word' id='word_1_63' title='bbox 631 1430 667 1472; x_wconf 86' lang='lat' dir='ltr'>eo</span> <span class='ocrx_word' id='word_1_64' title='bbox 691 1406 890 1472; x_wconf 80' lang='lat' dir='ltr'>desiderem&#39;</span> <span class='ocrx_word' id='word_1_65' title='bbox 935 1409 1013 1472; x_wconf 85' lang='lat' dir='ltr'>Nem</span> <span class='ocrx_word' id='word_1_66' title='bbox 1042 1409 1125 1491; x_wconf 93' lang='lat' dir='ltr'>quod</span> <span class='ocrx_word' id='word_1_67' title='bbox 1155 1408 1243 1493; x_wconf 88' lang='lat' dir='ltr'>frigi-</span> 
     </span>
     <span class='ocr_line' id='line_1_9' title="bbox 117 1494 1243 1578; baseline 0 -20"><span class='ocrx_word' id='word_1_68' title='bbox 117 1498 249 1559; x_wconf 84' lang='lat' dir='ltr'>dissime</span> <span class='ocrx_word' id='word_1_69' title='bbox 272 1502 364 1578; x_wconf 86' lang='lat' dir='ltr'>putat</span> <span class='ocrx_word' id='word_1_70' title='bbox 388 1495 573 1578; x_wconf 87' lang='lat' dir='ltr'>pontificum</span> <span class='ocrx_word' id='word_1_71' title='bbox 598 1495 733 1571; x_wconf 86' lang='lat' dir='ltr'>decreta,</span> <span class='ocrx_word' id='word_1_72' title='bbox 756 1496 840 1576; x_wconf 90' lang='lat' dir='ltr'>quod</span> <span class='ocrx_word' id='word_1_73' title='bbox 864 1494 979 1559; x_wconf 85' lang='lat' dir='ltr'>Leonis</span> <span class='ocrx_word' id='word_1_74' title='bbox 1001 1500 1124 1559; x_wconf 88' lang='lat' dir='ltr'>textum</span> <span class='ocrx_word' id='word_1_75' title='bbox 1156 1518 1243 1560; x_wconf 90' lang='lat' dir='ltr'>resu-</span> 
     </span>
     <span class='ocr_line' id='line_1_10' title="bbox 118 1580 1243 1665; baseline -0.002 -20"><span class='ocrx_word' id='word_1_76' title='bbox 118 1583 226 1665; x_wconf 89' lang='lat' dir='ltr'>pinare</span> <span class='ocrx_word' id='word_1_77' title='bbox 249 1584 362 1664; x_wconf 85' lang='lat' dir='ltr'>pergit,</span> <span class='ocrx_word' id='word_1_78' title='bbox 386 1605 450 1647; x_wconf 89' lang='lat' dir='ltr'>non</span> <span class='ocrx_word' id='word_1_79' title='bbox 473 1581 622 1664; x_wconf 79' lang='lat' dir='ltr'>adprobo,</span> <span class='ocrx_word' id='word_1_80' title='bbox 669 1580 733 1644; x_wconf 88' lang='lat' dir='ltr'>Nec</span> <span class='ocrx_word' id='word_1_81' title='bbox 749 1581 813 1645; x_wconf 85' lang='lat' dir='ltr'>ulle</span> <span class='ocrx_word' id='word_1_82' title='bbox 828 1603 897 1645; x_wconf 89' lang='lat' dir='ltr'>eum</span> <span class='ocrx_word' id='word_1_83' title='bbox 915 1581 1027 1645; x_wconf 88' lang='lat' dir='ltr'>salutis</span> <span class='ocrx_word' id='word_1_84' title='bbox 1052 1582 1243 1659; x_wconf 76' lang='lat' dir='ltr'>humanae,⁶</span> 
     </span>
     <span class='ocr_line' id='line_1_11' title="bbox 118 1667 1242 1753; baseline 0.001 -22"><span class='ocrx_word' id='word_1_85' title='bbox 118 1690 172 1751; x_wconf 87' lang='lat' dir='ltr'>pro</span> <span class='ocrx_word' id='word_1_86' title='bbox 207 1691 270 1750; x_wconf 86' lang='lat' dir='ltr'>qua</span> <span class='ocrx_word' id='word_1_87' title='bbox 302 1675 468 1753; x_wconf 83' lang='lat' dir='ltr'>tantopere</span> <span class='ocrx_word' id='word_1_88' title='bbox 501 1669 548 1730; x_wconf 87' lang='lat' dir='ltr'>vir</span> <span class='ocrx_word' id='word_1_89' title='bbox 583 1667 713 1731; x_wconf 73' lang='lat' dir='ltr'>bonuss</span> <span class='ocrx_word' id='word_1_90' title='bbox 744 1667 878 1746; x_wconf 84' lang='lat' dir='ltr'>laborat,</span> <span class='ocrx_word' id='word_1_91' title='bbox 910 1668 1057 1751; x_wconf 80' lang='lat' dir='ltr'>perpulit,</span> <span class='ocrx_word' id='word_1_92' title='bbox 1091 1669 1180 1733; x_wconf 88' lang='lat' dir='ltr'>utin</span> <span class='ocrx_word' id='word_1_93' title='bbox 1206 1691 1242 1732; x_wconf 87' lang='lat' dir='ltr'>eo</span> 
     </span>
     <span class='ocr_line' id='line_1_12' title="bbox 116 1753 1244 1837; baseline -0.003 -18"><span class='ocrx_word' id='word_1_94' title='bbox 116 1777 229 1837; x_wconf 84' lang='lat' dir='ltr'>genere</span> <span class='ocrx_word' id='word_1_95' title='bbox 253 1756 414 1836; x_wconf 84' lang='lat' dir='ltr'>paradoxo</span> <span class='ocrx_word' id='word_1_96' title='bbox 438 1778 471 1818; x_wconf 85' lang='lat' dir='ltr'>se</span> <span class='ocrx_word' id='word_1_97' title='bbox 494 1753 643 1835; x_wconf 85' lang='lat' dir='ltr'>fatigaret</span> <span class='ocrx_word' id='word_1_98' title='bbox 665 1776 839 1836; x_wconf 85' lang='lat' dir='ltr'>ausamque</span> <span class='ocrx_word' id='word_1_99' title='bbox 860 1754 1049 1819; x_wconf 80' lang='lat' dir='ltr'>adversariis</span> <span class='ocrx_word' id='word_1_100' title='bbox 1079 1755 1244 1837; x_wconf 83' lang='lat' dir='ltr'>praeheret,</span> 
     </span>
     <span class='ocr_line' id='line_1_13' title="bbox 117 1839 1243 1924; baseline 0 -19"><span class='ocrx_word' id='word_1_101' title='bbox 117 1842 332 1906; x_wconf 84' lang='lat' dir='ltr'>calumniandi</span> <span class='ocrx_word' id='word_1_102' title='bbox 355 1844 414 1917; x_wconf 88' lang='lat' dir='ltr'>sui,</span> <span class='ocrx_word' id='word_1_103' title='bbox 439 1842 530 1924; x_wconf 88' lang='lat' dir='ltr'>quasi</span> <span class='ocrx_word' id='word_1_104' title='bbox 552 1863 571 1903; x_wconf 91' lang='lat' dir='ltr'>a</span> <span class='ocrx_word' id='word_1_105' title='bbox 594 1840 741 1903; x_wconf 64' lang='lat' dir='ltr'>nefarios</span> <span class='ocrx_word' id='word_1_106' title='bbox 765 1839 897 1903; x_wconf 86' lang='lat' dir='ltr'>Hossita</span> <span class='ocrx_word' id='word_1_107' title='bbox 920 1862 983 1904; x_wconf 95' lang='lat' dir='ltr'>non</span> <span class='ocrx_word' id='word_1_108' title='bbox 1000 1841 1168 1905; x_wconf 85' lang='lat' dir='ltr'>admodum</span> <span class='ocrx_word' id='word_1_109' title='bbox 1186 1842 1243 1905; x_wconf 84' lang='lat' dir='ltr'>ab·</span> 
     </span>
     <span class='ocr_line' id='line_1_14' title="bbox 116 1926 1243 2012; baseline 0.002 -21"><span class='ocrx_word' id='word_1_110' title='bbox 116 1928 264 1991; x_wconf 89' lang='lat' dir='ltr'>horreret.</span> <span class='ocrx_word' id='word_1_111' title='bbox 311 1928 465 2012; x_wconf 85' lang='lat' dir='ltr'>Equidem</span> <span class='ocrx_word' id='word_1_112' title='bbox 502 1928 585 1990; x_wconf 88' lang='lat' dir='ltr'>sicut</span> <span class='ocrx_word' id='word_1_113' title='bbox 619 1926 657 1990; x_wconf 91' lang='lat' dir='ltr'>de</span> <span class='ocrx_word' id='word_1_114' title='bbox 690 1926 829 1991; x_wconf 80' lang='lat' dir='ltr'>bothero</span> <span class='ocrx_word' id='word_1_115' title='bbox 864 1949 927 1990; x_wconf 90' lang='lat' dir='ltr'>non</span> <span class='ocrx_word' id='word_1_116' title='bbox 960 1927 1052 1990; x_wconf 87' lang='lat' dir='ltr'>aliter</span> <span class='ocrx_word' id='word_1_117' title='bbox 1087 1949 1180 2009; x_wconf 88' lang='lat' dir='ltr'>quam</span> <span class='ocrx_word' id='word_1_118' title='bbox 1205 1930 1243 1993; x_wconf 87' lang='lat' dir='ltr'>de</span> 
     </span>
     <span class='ocr_line' id='line_1_15' title="bbox 118 2013 1243 2097; baseline 0.003 -21"><span class='ocrx_word' id='word_1_119' title='bbox 118 2016 183 2078; x_wconf 84' lang='lat' dir='ltr'>riro</span> <span class='ocrx_word' id='word_1_120' title='bbox 206 2015 347 2078; x_wconf 88' lang='lat' dir='ltr'>omnium</span> <span class='ocrx_word' id='word_1_121' title='bbox 372 2016 493 2097; x_wconf 91' lang='lat' dir='ltr'>optimo</span> <span class='ocrx_word' id='word_1_122' title='bbox 516 2013 633 2076; x_wconf 87' lang='lat' dir='ltr'>sentire</span> <span class='ocrx_word' id='word_1_123' title='bbox 655 2034 794 2094; x_wconf 90' lang='lat' dir='ltr'>possum,</span> <span class='ocrx_word' id='word_1_124' title='bbox 811 2020 920 2096; x_wconf 89' lang='lat' dir='ltr'>utpote</span> <span class='ocrx_word' id='word_1_125' title='bbox 936 2014 991 2096; x_wconf 90' lang='lat' dir='ltr'>qui</span> <span class='ocrx_word' id='word_1_126' title='bbox 1007 2014 1074 2097; x_wconf 88' lang='lat' dir='ltr'>ejus</span> <span class='ocrx_word' id='word_1_127' title='bbox 1091 2015 1243 2080; x_wconf 80' lang='lat' dir='ltr'>doctrinis</span> 
     </span>
     <span class='ocr_line' id='line_1_16' title="bbox 117 2098 1243 2183; baseline 0.002 -20"><span class='ocrx_word' id='word_1_128' title='bbox 117 2101 211 2164; x_wconf 89' lang='lat' dir='ltr'>didici</span> <span class='ocrx_word' id='word_1_129' title='bbox 247 2101 411 2181; x_wconf 85' lang='lat' dir='ltr'>aliquanto</span> <span class='ocrx_word' id='word_1_130' title='bbox 447 2099 551 2163; x_wconf 87' lang='lat' dir='ltr'>verius</span> <span class='ocrx_word' id='word_1_131' title='bbox 585 2098 747 2163; x_wconf 73' lang='lat' dir='ltr'>Christum</span> <span class='ocrx_word' id='word_1_132' title='bbox 771 2101 875 2182; x_wconf 87' lang='lat' dir='ltr'>sequi:</span> <span class='ocrx_word' id='word_1_133' title='bbox 899 2100 945 2164; x_wconf 84' lang='lat' dir='ltr'>ita</span> <span class='ocrx_word' id='word_1_134' title='bbox 968 2101 1000 2163; x_wconf 90' lang='lat' dir='ltr'>in</span> <span class='ocrx_word' id='word_1_135' title='bbox 1025 2102 1187 2183; x_wconf 86' lang='lat' dir='ltr'>pontificia</span> <span class='ocrx_word' id='word_1_136' title='bbox 1210 2125 1243 2165; x_wconf 90' lang='lat' dir='ltr'>re</span> 
     </span>
     <span class='ocr_line' id='line_1_17' title="bbox 116 2187 1241 2267; baseline -0.001 -16"><span class='ocrx_word' id='word_1_137' title='bbox 116 2210 185 2251; x_wconf 89' lang='lat' dir='ltr'>cum</span> <span class='ocrx_word' id='word_1_138' title='bbox 220 2210 255 2250; x_wconf 84' lang='lat' dir='ltr'>no</span> <span class='ocrx_word' id='word_1_139' title='bbox 290 2190 406 2251; x_wconf 76' lang='lat' dir='ltr'>sentire</span> <span class='ocrx_word' id='word_1_140' title='bbox 442 2207 504 2250; x_wconf 92' lang='lat' dir='ltr'>non</span> <span class='ocrx_word' id='word_1_141' title='bbox 540 2206 666 2267; x_wconf 85' lang='lat' dir='ltr'>possum</span> <span class='ocrx_word' id='word_1_142' title='bbox 701 2191 839 2267; x_wconf 88' lang='lat' dir='ltr'>suntque</span> <span class='ocrx_word' id='word_1_143' title='bbox 873 2187 1023 2250; x_wconf 84' lang='lat' dir='ltr'>facillima</span> <span class='ocrx_word' id='word_1_144' title='bbox 1064 2187 1241 2267; x_wconf 84' lang='lat' dir='ltr'>confutato,</span> 
     </span>
     <span class='ocr_line' id='line_1_18' title="bbox 115 2272 1239 2355; baseline 0.002 -18"><span class='ocrx_word' id='word_1_145' title='bbox 115 2274 266 2355; x_wconf 90' lang='lat' dir='ltr'>quicquid</span> <span class='ocrx_word' id='word_1_146' title='bbox 296 2276 327 2338; x_wconf 91' lang='lat' dir='ltr'>in</span> <span class='ocrx_word' id='word_1_147' title='bbox 356 2298 393 2338; x_wconf 88' lang='lat' dir='ltr'>ea</span> <span class='ocrx_word' id='word_1_148' title='bbox 420 2297 451 2336; x_wconf 83' lang='lat' dir='ltr'>re.</span> <span class='ocrx_word' id='word_1_149' title='bbox 481 2273 587 2336; x_wconf 89' lang='lat' dir='ltr'>sentit.</span> <span class='ocrx_word' id='word_1_150' title='bbox 642 2272 703 2336; x_wconf 88' lang='lat' dir='ltr'>Sed</span> <span class='ocrx_word' id='word_1_151' title='bbox 739 2279 850 2337; x_wconf 84' lang='lat' dir='ltr'>contre</span> <span class='ocrx_word' id='word_1_152' title='bbox 883 2294 952 2336; x_wconf 91' lang='lat' dir='ltr'>eum</span> <span class='ocrx_word' id='word_1_153' title='bbox 989 2295 1051 2336; x_wconf 89' lang='lat' dir='ltr'>uon</span> <span class='ocrx_word' id='word_1_154' title='bbox 1086 2275 1239 2354; x_wconf 73' lang='lat' dir='ltr'>scribam,</span> 
     </span>
     <span class='ocr_line' id='line_1_19' title="bbox 116 2358 1243 2444; baseline 0.003 -21"><span class='ocrx_word' id='word_1_155' title='bbox 116 2360 252 2444; x_wconf 84' lang='lat' dir='ltr'>piaclum</span> <span class='ocrx_word' id='word_1_156' title='bbox 278 2361 433 2436; x_wconf 87' lang='lat' dir='ltr'>ducerem,</span> <span class='ocrx_word' id='word_1_157' title='bbox 460 2359 487 2424; x_wconf 93' lang='lat' dir='ltr'>si</span> <span class='ocrx_word' id='word_1_158' title='bbox 511 2359 560 2422; x_wconf 89' lang='lat' dir='ltr'>vel</span> <span class='ocrx_word' id='word_1_159' title='bbox 587 2358 682 2422; x_wconf 87' lang='lat' dir='ltr'>verbo</span> <span class='ocrx_word' id='word_1_160' title='bbox 706 2381 724 2420; x_wconf 89' lang='lat' dir='ltr'>a</span> <span class='ocrx_word' id='word_1_161' title='bbox 745 2382 795 2422; x_wconf 88' lang='lat' dir='ltr'>me</span> <span class='ocrx_word' id='word_1_162' title='bbox 818 2361 1069 2443; x_wconf 75' lang='lat' dir='ltr'>perstringerem.</span> <span class='ocrx_word' id='word_1_163' title='bbox 1115 2359 1243 2426; x_wconf 86' lang='lat' dir='ltr'>Miseret</span> 
     </span>
     <span class='ocr_line' id='line_1_20' title="bbox 115 2445 1243 2532; baseline 0.001 -21"><span class='ocrx_word' id='word_1_164' title='bbox 115 2456 224 2511; x_wconf 88' lang='lat' dir='ltr'>tamen</span> <span class='ocrx_word' id='word_1_165' title='bbox 250 2468 297 2509; x_wconf 91' lang='lat' dir='ltr'>me</span> <span class='ocrx_word' id='word_1_166' title='bbox 321 2446 545 2511; x_wconf 80' lang='lat' dir='ltr'>conditionisll</span> <span class='ocrx_word' id='word_1_167' title='bbox 578 2445 745 2522; x_wconf 85' lang='lat' dir='ltr'>hnmanae,</span> <span class='ocrx_word' id='word_1_168' title='bbox 769 2446 852 2528; x_wconf 91' lang='lat' dir='ltr'>quod</span> <span class='ocrx_word' id='word_1_169' title='bbox 875 2448 953 2511; x_wconf 83' lang='lat' dir='ltr'>adeo</span> <span class='ocrx_word' id='word_1_170' title='bbox 976 2468 1086 2512; x_wconf 84' lang='lat' dir='ltr'>sumus</span> <span class='ocrx_word' id='word_1_171' title='bbox 1116 2448 1243 2532; x_wconf 81' lang='lat' dir='ltr'>fragiles</span> 
     </span>
     <span class='ocr_line' id='line_1_21' title="bbox 116 2532 1242 2617; baseline 0.003 -20"><span class='ocrx_word' id='word_1_172' title='bbox 116 2539 148 2597; x_wconf 90' lang='lat' dir='ltr'>et</span> <span class='ocrx_word' id='word_1_173' title='bbox 185 2533 284 2610; x_wconf 89' lang='lat' dir='ltr'>nihili,</span> <span class='ocrx_word' id='word_1_174' title='bbox 321 2540 357 2597; x_wconf 94' lang='lat' dir='ltr'>ut</span> <span class='ocrx_word' id='word_1_175' title='bbox 387 2535 481 2598; x_wconf 88' lang='lat' dir='ltr'>etiam</span> <span class='ocrx_word' id='word_1_176' title='bbox 516 2532 571 2616; x_wconf 91' lang='lat' dir='ltr'>qui</span> <span class='ocrx_word' id='word_1_177' title='bbox 605 2533 806 2614; x_wconf 85' lang='lat' dir='ltr'>perfectiores</span> <span class='ocrx_word' id='word_1_178' title='bbox 840 2556 908 2598; x_wconf 88' lang='lat' dir='ltr'>esse</span> <span class='ocrx_word' id='word_1_179' title='bbox 940 2533 1115 2617; x_wconf 84' lang='lat' dir='ltr'>probentur</span> <span class='ocrx_word' id='word_1_180' title='bbox 1144 2558 1162 2597; x_wconf 83' lang='lat' dir='ltr'>a</span> <span class='ocrx_word' id='word_1_181' title='bbox 1191 2537 1242 2600; x_wconf 85' lang='lat' dir='ltr'>via</span> 
     </span>
     <span class='ocr_line' id='line_1_22' title="bbox 116 2619 1242 2700; baseline 0 -16"><span class='ocrx_word' id='word_1_182' title='bbox 116 2620 285 2695; x_wconf 83' lang='lat' dir='ltr'>declinent,</span> <span class='ocrx_word' id='word_1_183' title='bbox 318 2626 353 2684; x_wconf 90' lang='lat' dir='ltr'>ut</span> <span class='ocrx_word' id='word_1_184' title='bbox 382 2622 504 2696; x_wconf 86' lang='lat' dir='ltr'>vicisse,</span> <span class='ocrx_word' id='word_1_185' title='bbox 536 2623 572 2682; x_wconf 88' lang='lat' dir='ltr'>ul</span> <span class='ocrx_word' id='word_1_186' title='bbox 595 2619 733 2700; x_wconf 85' lang='lat' dir='ltr'>potiores</span> <span class='ocrx_word' id='word_1_187' title='bbox 767 2619 864 2684; x_wconf 85' lang='lat' dir='ltr'>foisse</span> <span class='ocrx_word' id='word_1_188' title='bbox 896 2621 1072 2684; x_wconf 88' lang='lat' dir='ltr'>videantur.</span> <span class='ocrx_word' id='word_1_189' title='bbox 1119 2620 1181 2686; x_wconf 85' lang='lat' dir='ltr'>Sed</span> <span class='ocrx_word' id='word_1_190' title='bbox 1205 2622 1242 2684; x_wconf 92' lang='lat' dir='ltr'>de</span> 
     </span>
     <span class='ocr_line' id='line_1_23' title="bbox 116 2704 1242 2781; baseline 0.001 -12"><span class='ocrx_word' id='word_1_191' title='bbox 116 2708 189 2770; x_wconf 90' lang='lat' dir='ltr'>hisi</span> <span class='ocrx_word' id='word_1_192' title='bbox 219 2707 359 2770; x_wconf 89' lang='lat' dir='ltr'>nimium.</span> <span class='ocrx_word' id='word_1_193' title='bbox 406 2707 472 2771; x_wconf 88' lang='lat' dir='ltr'>Hoc</span> <span class='ocrx_word' id='word_1_194' title='bbox 495 2705 533 2768; x_wconf 93' lang='lat' dir='ltr'>de</span> <span class='ocrx_word' id='word_1_195' title='bbox 558 2728 605 2767; x_wconf 90' lang='lat' dir='ltr'>me</span> <span class='ocrx_word' id='word_1_196' title='bbox 629 2705 719 2781; x_wconf 86' lang='lat' dir='ltr'>habe,</span> <span class='ocrx_word' id='word_1_197' title='bbox 744 2707 861 2771; x_wconf 87' lang='lat' dir='ltr'>nullam</span> <span class='ocrx_word' id='word_1_198' title='bbox 892 2704 959 2771; x_wconf 83' lang='lat' dir='ltr'>esee</span> <span class='ocrx_word' id='word_1_199' title='bbox 982 2729 1044 2770; x_wconf 87' lang='lat' dir='ltr'>rem</span> <span class='ocrx_word' id='word_1_200' title='bbox 1068 2713 1133 2772; x_wconf 88' lang='lat' dir='ltr'>tam</span> <span class='ocrx_word' id='word_1_201' title='bbox 1158 2708 1242 2772; x_wconf 84' lang='lat' dir='ltr'>difli-</span> 
     </span>
     <span class='ocr_line' id='line_1_24' title="bbox 117 2793 1242 2877; baseline 0.001 -21"><span class='ocrx_word' id='word_1_202' title='bbox 117 2795 217 2866; x_wconf 87' lang='lat' dir='ltr'>cilem,</span> <span class='ocrx_word' id='word_1_203' title='bbox 252 2815 344 2873; x_wconf 85' lang='lat' dir='ltr'>quem</span> <span class='ocrx_word' id='word_1_204' title='bbox 377 2795 492 2857; x_wconf 81' lang='lat' dir='ltr'>trustra</span> <span class='ocrx_word' id='word_1_205' title='bbox 516 2815 534 2854; x_wconf 89' lang='lat' dir='ltr'>a</span> <span class='ocrx_word' id='word_1_206' title='bbox 559 2814 615 2867; x_wconf 92' lang='lat' dir='ltr'>me,</span> <span class='ocrx_word' id='word_1_207' title='bbox 640 2793 713 2856; x_wconf 92' lang='lat' dir='ltr'>dum</span> <span class='ocrx_word' id='word_1_208' title='bbox 749 2797 907 2874; x_wconf 82' lang='lat' dir='ltr'>praestare</span> <span class='ocrx_word' id='word_1_209' title='bbox 939 2793 1077 2857; x_wconf 84' lang='lat' dir='ltr'>officium</span> <span class='ocrx_word' id='word_1_210' title='bbox 1113 2795 1242 2877; x_wconf 89' lang='lat' dir='ltr'>possim,</span> 
     </span>
     <span class='ocr_line' id='line_1_25' title="bbox 117 2877 1241 2964; baseline 0.004 -23"><span class='ocrx_word' id='word_1_211' title='bbox 117 2882 160 2943; x_wconf 85' lang='lat' dir='ltr'>sis</span> <span class='ocrx_word' id='word_1_212' title='bbox 183 2881 392 2962; x_wconf 83' lang='lat' dir='ltr'>expetiturus,</span> <span class='ocrx_word' id='word_1_213' title='bbox 416 2881 470 2963; x_wconf 90' lang='lat' dir='ltr'>qui</span> <span class='ocrx_word' id='word_1_214' title='bbox 493 2884 525 2942; x_wconf 95' lang='lat' dir='ltr'>te</span> <span class='ocrx_word' id='word_1_215' title='bbox 549 2877 751 2942; x_wconf 85' lang='lat' dir='ltr'>vehementer</span> <span class='ocrx_word' id='word_1_216' title='bbox 773 2901 844 2943; x_wconf 87' lang='lat' dir='ltr'>amo</span> <span class='ocrx_word' id='word_1_217' title='bbox 867 2885 981 2943; x_wconf 87' lang='lat' dir='ltr'>etate</span> <span class='ocrx_word' id='word_1_218' title='bbox 1000 2884 1088 2944; x_wconf 87' lang='lat' dir='ltr'>totus</span> <span class='ocrx_word' id='word_1_219' title='bbox 1111 2881 1241 2964; x_wconf 89' lang='lat' dir='ltr'>pendeo.</span> 
     </span>
     <span class='ocr_line' id='line_1_26' title="bbox 116 2963 1024 3049; baseline 0.002 -21"><span class='ocrx_word' id='word_1_220' title='bbox 116 2965 201 3029; x_wconf 82' lang='lat' dir='ltr'>Vale.</span> <span class='ocrx_word' id='word_1_221' title='bbox 247 2966 293 3028; x_wconf 79' lang='lat' dir='ltr'>llx</span> <span class='ocrx_word' id='word_1_222' title='bbox 318 2966 472 3049; x_wconf 84' lang='lat' dir='ltr'>Friburgo</span> <span class='ocrx_word' id='word_1_223' title='bbox 496 2963 583 3028; x_wconf 62' lang='lat' dir='ltr'>Eitk</span> <span class='ocrx_word' id='word_1_224' title='bbox 606 2964 768 3029; x_wconf 88' lang='lat' dir='ltr'>Decembr.</span> <span class='ocrx_word' id='word_1_225' title='bbox 792 2987 876 3030; x_wconf 88' lang='lat' dir='ltr'>anno</span> <span class='ocrx_word' id='word_1_226' title='bbox 898 2965 1024 3030; x_wconf 73' lang='grc' dir='ltr'>ΧΙΧ.μ</span> 
     </span>
     <span class='ocr_line' id='line_1_27' title="bbox 578 3050 990 3118; baseline 0.01 -4"><span class='ocrx_word' id='word_1_227' title='bbox 578 3050 664 3116; x_wconf 88' lang='lat' dir='ltr'>Tuus</span> <span class='ocrx_word' id='word_1_228' title='bbox 689 3051 854 3117; x_wconf 86' lang='lat' dir='ltr'>Udalricus</span> <span class='ocrx_word' id='word_1_229' title='bbox 876 3053 990 3118; x_wconf 86' lang='lat' dir='ltr'>Zazius</span> 
     </span>
     <span class='ocr_line' id='line_1_28' title="bbox 578 3138 1189 3222; baseline 0 -21"><span class='ocrx_word' id='word_1_230' title='bbox 578 3139 629 3202; x_wconf 84' lang='lat' dir='ltr'>ho.</span> <span class='ocrx_word' id='word_1_231' title='bbox 655 3140 766 3203; x_wconf 90' lang='lat' dir='ltr'>doctor</span> <span class='ocrx_word' id='word_1_232' title='bbox 790 3145 820 3203; x_wconf 87' lang='lat' dir='ltr'>et</span> <span class='ocrx_word' id='word_1_233' title='bbox 843 3141 1022 3204; x_wconf 80' lang='lat' dir='ltr'>ordinarius</span> <span class='ocrx_word' id='word_1_234' title='bbox 1046 3138 1189 3222; x_wconf 81' lang='lat' dir='ltr'>Frihurg.</span> 
     </span>
    </p>
   </div>
   <div class='ocr_carea' id='block_1_3' title="bbox 216 3239 1241 3364">
    <p class='ocr_par' dir='ltr' id='par_1_3' title="bbox 216 3239 1241 3364">
     <span class='ocr_line' id='line_1_29' title="bbox 217 3239 1241 3309; baseline 0 -16"><span class='ocrx_word' id='word_1_235' title='bbox 217 3241 277 3293; x_wconf 81' lang='lat' dir='ltr'>Alte</span> <span class='ocrx_word' id='word_1_236' title='bbox 295 3239 430 3293; x_wconf 79' lang='lat' dir='ltr'>Absohritt</span> <span class='ocrx_word' id='word_1_237' title='bbox 453 3239 479 3292; x_wconf 90' lang='lat' dir='ltr'>in</span> <span class='ocrx_word' id='word_1_238' title='bbox 505 3239 564 3294; x_wconf 83' lang='lat' dir='ltr'>Cod.</span> <span class='ocrx_word' id='word_1_239' title='bbox 591 3239 666 3293; x_wconf 86' lang='lat' dir='ltr'>Goth.</span> <span class='ocrx_word' id='word_1_240' title='bbox 684 3239 707 3292; x_wconf 89' lang='lat' dir='ltr'>B</span> <span class='ocrx_word' id='word_1_241' title='bbox 725 3239 759 3294; x_wconf 73' lang='lat'>‘20</span> <span class='ocrx_word' id='word_1_242' title='bbox 775 3240 804 3296; x_wconf 87' lang='lat' dir='ltr'>F.</span> <span class='ocrx_word' id='word_1_243' title='bbox 823 3241 890 3296; x_wconf 70' lang='lat'>401).</span> <span class='ocrx_word' id='word_1_244' title='bbox 927 3241 1059 3295; x_wconf 82' lang='lat' dir='ltr'>Gedruclrt</span> <span class='ocrx_word' id='word_1_245' title='bbox 1086 3241 1113 3294; x_wconf 92' lang='lat' dir='ltr'>in</span> <span class='ocrx_word' id='word_1_246' title='bbox 1140 3239 1241 3309; x_wconf 76' lang='lat' dir='ltr'>oulen,</span> 
     </span>
     <span class='ocr_line' id='line_1_30' title="bbox 216 3309 741 3364; baseline 0.004 -2"><span class='ocrx_word' id='word_1_247' title='bbox 216 3310 376 3363; x_wconf 85' lang='lat' dir='ltr'>Lutherana.</span> <span class='ocrx_word' id='word_1_248' title='bbox 397 3309 515 3364; x_wconf 82' lang='lat' dir='ltr'>llilsseld.</span> <span class='ocrx_word' id='word_1_249' title='bbox 537 3309 602 3363; x_wconf 83' lang='lat'>1883</span> <span class='ocrx_word' id='word_1_250' title='bbox 621 3309 646 3363; x_wconf 88' lang='lat' dir='ltr'>S.</span> <span class='ocrx_word' id='word_1_251' title='bbox 668 3311 741 3364; x_wconf 84' lang='lat'>1-5.</span> 
     </span>
    </p>
   </div>
   <div class='ocr_carea' id='block_1_4' title="bbox 117 3451 1242 3534">
    <p class='ocr_par' dir='ltr' id='par_1_4' title="bbox 117 3451 1242 3534">
     <span class='ocr_line' id='line_1_31' title="bbox 117 3451 1242 3534; baseline 0.004 -18"><span class='ocrx_word' id='word_1_252' title='bbox 117 3463 234 3534; x_wconf 80' lang='lat' dir='ltr'>(Gotho.)</span> <span class='ocrx_word' id='word_1_253' title='bbox 644 3451 715 3515; x_wconf 81' lang='grc'><strong>632.</strong></span> <span class='ocrx_word' id='word_1_254' title='bbox 948 3467 997 3520; x_wconf 88' lang='lat' dir='ltr'>Die</span> <span class='ocrx_word' id='word_1_255' title='bbox 1014 3466 1148 3522; x_wconf 80' lang='lat' dir='ltr'>Valeriani</span> <span class='ocrx_word' id='word_1_256' title='bbox 1167 3467 1242 3521; x_wconf 78' lang='lat'>1520.</span> 
     </span>
    </p>
   </div>
   <div class='ocr_carea' id='block_1_5' title="bbox 486 3560 878 3632">
    <p class='ocr_par' dir='ltr' id='par_1_5' title="bbox 486 3560 878 3632">
     <span class='ocr_line' id='line_1_32' title="bbox 486 3560 878 3632; baseline 0.008 -3"><span class='ocrx_word' id='word_1_257' title='bbox 486 3560 627 3632; x_wconf 84' lang='lat' dir='ltr'>Mutien</span> <span class='ocrx_word' id='word_1_258' title='bbox 653 3581 699 3631; x_wconf 85' lang='lat' dir='ltr'>an</span> <span class='ocrx_word' id='word_1_259' title='bbox 724 3561 878 3632; x_wconf 75' lang='lat' dir='ltr'>Menios</span> 
     </span>
    </p>
   </div>
   <div class='ocr_carea' id='block_1_6' title="bbox 118 3669 1243 3811">
    <p class='ocr_par' dir='ltr' id='par_1_6' title="bbox 118 3669 1243 3811">
     <span class='ocr_line' id='line_1_33' title="bbox 122 3669 1243 3743; baseline 0.005 -23"><span class='ocrx_word' id='word_1_260' title='bbox 122 3669 205 3720; x_wconf 73' lang='lat' dir='ltr'>lhreer</span> <span class='ocrx_word' id='word_1_261' title='bbox 237 3673 332 3726; x_wconf 76' lang='lat' dir='ltr'>Cretas</span> <span class='ocrx_word' id='word_1_262' title='bbox 352 3674 386 3725; x_wconf 78' lang='lat' dir='ltr'>ist</span> <span class='ocrx_word' id='word_1_263' title='bbox 406 3675 434 3723; x_wconf 76' lang='lat' dir='ltr'>in</span> <span class='ocrx_word' id='word_1_264' title='bbox 455 3673 639 3726; x_wconf 77' lang='lat' dir='ltr'>Deutrchlnrrd.</span> <span class='ocrx_word' id='word_1_265' title='bbox 678 3673 717 3726; x_wconf 83' lang='lat' dir='ltr'>Er</span> <span class='ocrx_word' id='word_1_266' title='bbox 742 3691 799 3726; x_wconf 75' lang='lat' dir='ltr'>acar</span> <span class='ocrx_word' id='word_1_267' title='bbox 816 3675 846 3727; x_wconf 80' lang='lat' dir='ltr'>iu</span> <span class='ocrx_word' id='word_1_268' title='bbox 864 3674 993 3743; x_wconf 76' lang='lat' dir='ltr'>Bumberp</span> <span class='ocrx_word' id='word_1_269' title='bbox 1021 3675 1060 3727; x_wconf 82' lang='lat' dir='ltr'>im</span> <span class='ocrx_word' id='word_1_270' title='bbox 1086 3671 1177 3726; x_wconf 73' lang='lat' dir='ltr'>Horror</span> <span class='ocrx_word' id='word_1_271' title='bbox 1199 3673 1243 3726; x_wconf 78' lang='lat' dir='ltr'>dcs</span> 
     </span>
     <span class='ocr_line' id='line_1_34' title="bbox 118 3739 831 3811; baseline 0.008 -21"><span class='ocrx_word' id='word_1_272' title='bbox 118 3739 228 3791; x_wconf 67' lang='lat' dir='ltr'>rur-ans.</span> <span class='ocrx_word' id='word_1_273' title='bbox 268 3743 293 3796; x_wconf 53' lang='lat' dir='ltr'>li.</span> <span class='ocrx_word' id='word_1_274' title='bbox 315 3761 337 3795; x_wconf 84' lang='lat' dir='ltr'>a.</span> <span class='ocrx_word' id='word_1_275' title='bbox 356 3744 371 3796; x_wconf 78' lang='lat' dir='ltr'><em>J</em></span> <span class='ocrx_word' id='word_1_276' title='bbox 390 3743 439 3796; x_wconf 79' lang='lat' dir='ltr'>ea.</span> <span class='ocrx_word' id='word_1_277' title='bbox 475 3743 603 3811; x_wconf 80' lang='lat' dir='ltr'>Schmidt,</span> <span class='ocrx_word' id='word_1_278' title='bbox 621 3744 645 3798; x_wconf 83' lang='lat' dir='ltr'>J.</span> <span class='ocrx_word' id='word_1_279' title='bbox 663 3743 731 3797; x_wconf 80' lang='lat' dir='ltr'>Men.</span> <span class='ocrx_word' id='word_1_280' title='bbox 752 3744 831 3809; x_wconf 80' lang='lat'>1,33.</span> 
     </span>
    </p>
   </div>
   <div class='ocr_carea' id='block_1_7' title="bbox 117 3883 1243 4077">
    <p class='ocr_par' dir='ltr' id='par_1_7' title="bbox 117 3883 1243 4077">
     <span class='ocr_line' id='line_1_35' title="bbox 117 3883 1243 3963; baseline 0.004 -18"><span class='ocrx_word' id='word_1_281' title='bbox 117 3894 234 3963; x_wconf 73' lang='lat' dir='ltr'>(riona.)</span> <span class='ocrx_word' id='word_1_282' title='bbox 645 3883 717 3947; x_wconf 82' lang='lat'>633.</span> <span class='ocrx_word' id='word_1_283' title='bbox 1038 3900 1075 3951; x_wconf 77' lang='lat' dir='ltr'>re.</span> <span class='ocrx_word' id='word_1_284' title='bbox 1095 3896 1149 3950; x_wconf 76' lang='lat' dir='ltr'>uu</span> <span class='ocrx_word' id='word_1_285' title='bbox 1169 3897 1243 3951; x_wconf 83' lang='lat'>1520.</span> 
     </span>
     <span class='ocr_line' id='line_1_36' title="bbox 505 3990 1061 4077; baseline 0 -16"><span class='ocrx_word' id='word_1_286' title='bbox 505 3990 650 4062; x_wconf 85' lang='lat' dir='ltr'>blutian</span> <span class='ocrx_word' id='word_1_287' title='bbox 673 4013 719 4062; x_wconf 88' lang='lat' dir='ltr'>an</span> <span class='ocrx_word' id='word_1_288' title='bbox 743 3991 860 4077; x_wconf 82' lang='lat' dir='ltr'>hang.</span> <span class='ocrx_word' id='word_1_289' title='bbox 1057 4000 1061 4005; x_wconf 87' lang='grc'><em>“</em></span> 
     </span>
    </p>
   </div>
   <div class='ocr_carea' id='block_1_8' title="bbox 116 4101 1244 4309">
    <p class='ocr_par' dir='ltr' id='par_1_8' title="bbox 116 4101 1244 4309">
     <span class='ocr_line' id='line_1_37' title="bbox 117 4101 1242 4171; baseline 0.004 -18"><span class='ocrx_word' id='word_1_290' title='bbox 117 4102 206 4165; x_wconf 78' lang='lat' dir='ltr'>(Dant</span> <span class='ocrx_word' id='word_1_291' title='bbox 222 4101 270 4167; x_wconf 75' lang='lat' dir='ltr'>fiir</span> <span class='ocrx_word' id='word_1_292' title='bbox 289 4103 363 4154; x_wconf 78' lang='lat' dir='ltr'>er&#39;rrru</span> <span class='ocrx_word' id='word_1_293' title='bbox 379 4104 476 4170; x_wconf 67' lang='lat' dir='ltr'>prinu</span> <span class='ocrx_word' id='word_1_294' title='bbox 495 4105 576 4171; x_wconf 76' lang='lat' dir='ltr'>Brr&#39;cs</span> <span class='ocrx_word' id='word_1_295' title='bbox 587 4106 645 4157; x_wconf 83' lang='lat' dir='ltr'>rrnd</span> <span class='ocrx_word' id='word_1_296' title='bbox 661 4106 705 4157; x_wconf 73' lang='lat' dir='ltr'>eiu</span> <span class='ocrx_word' id='word_1_297' title='bbox 724 4105 823 4157; x_wconf 80' lang='lat' dir='ltr'>literar.</span> <span class='ocrx_word' id='word_1_298' title='bbox 845 4103 980 4157; x_wconf 79' lang='lat' dir='ltr'>Gcsrlrcnl.</span> <span class='ocrx_word' id='word_1_299' title='bbox 1017 4103 1086 4156; x_wconf 79' lang='lat' dir='ltr'>Eine</span> <span class='ocrx_word' id='word_1_300' title='bbox 1105 4104 1180 4158; x_wconf 72' lang='lat' dir='ltr'>Stella</span> <span class='ocrx_word' id='word_1_301' title='bbox 1192 4121 1242 4157; x_wconf 72' lang='lat' dir='ltr'>uris</span> 
     </span>
     <span class='ocr_line' id='line_1_38' title="bbox 116 4171 1244 4238; baseline 0.003 -15"><span class='ocrx_word' id='word_1_302' title='bbox 116 4171 298 4223; x_wconf 76' lang='lat' dir='ltr'>I&#39;irllrer&#39;mere</span> <span class='ocrx_word' id='word_1_303' title='bbox 318 4171 398 4238; x_wconf 78' lang='lat' dir='ltr'>Briaf</span> <span class='ocrx_word' id='word_1_304' title='bbox 411 4173 472 4225; x_wconf 72' lang='lat' dir='ltr'>ulnr</span> <span class='ocrx_word' id='word_1_305' title='bbox 491 4174 596 4228; x_wconf 56' lang='grc' dir='ltr'>[Μίκων.</span> <span class='ocrx_word' id='word_1_306' title='bbox 634 4175 726 4227; x_wconf 77' lang='lat' dir='ltr'>Serrdet</span> <span class='ocrx_word' id='word_1_307' title='bbox 743 4175 793 4226; x_wconf 80' lang='lat' dir='ltr'>deo</span> <span class='ocrx_word' id='word_1_308' title='bbox 812 4173 856 4226; x_wconf 86' lang='lat' dir='ltr'>Br.</span> <span class='ocrx_word' id='word_1_309' title='bbox 875 4173 918 4225; x_wconf 73' lang='lat' dir='ltr'>(les</span> <span class='ocrx_word' id='word_1_310' title='bbox 935 4172 1033 4225; x_wconf 65' lang='lat' dir='ltr'>biritu</span> <span class='ocrx_word' id='word_1_311' title='bbox 1045 4173 1102 4224; x_wconf 75' lang='lat' dir='ltr'>rrirrl</span> <span class='ocrx_word' id='word_1_312' title='bbox 1112 4173 1182 4225; x_wconf 73' lang='lat' dir='ltr'>burel</span> <span class='ocrx_word' id='word_1_313' title='bbox 1196 4190 1244 4226; x_wconf 84' lang='lat' dir='ltr'>um</span> 
     </span>
     <span class='ocr_line' id='line_1_39' title="bbox 124 4239 1234 4309; baseline 0.004 -19"><span class='ocrx_word' id='word_1_314' title='bbox 124 4242 174 4292; x_wconf 79' lang='lat' dir='ltr'>dos</span> <span class='ocrx_word' id='word_1_315' title='bbox 198 4239 274 4292; x_wconf 79' lang='lat' dir='ltr'>ll&#39;erl·</span> <span class='ocrx_word' id='word_1_316' title='bbox 292 4239 340 4292; x_wconf 67' lang='grc' dir='ltr'>ΕΛ.</span> <span class='ocrx_word' id='word_1_317' title='bbox 360 4241 421 4293; x_wconf 57' lang='lat' dir='ltr'>lars</span> <span class='ocrx_word' id='word_1_318' title='bbox 436 4261 513 4309; x_wconf 74' lang='lat' dir='ltr'>peperi</span> <span class='ocrx_word' id='word_1_319' title='bbox 535 4243 672 4301; x_wconf 66' lang='lat' dir='ltr'>Erosnrus</span> <span class='ocrx_word' id='word_1_320' title='bbox 692 4244 769 4297; x_wconf 78' lang='lat' dir='ltr'>seroie</span> <span class='ocrx_word' id='word_1_321' title='bbox 787 4260 832 4295; x_wconf 72' lang='lat' dir='ltr'>rim</span> <span class='ocrx_word' id='word_1_322' title='bbox 851 4242 900 4294; x_wconf 82' lang='lat' dir='ltr'>dus</span> <span class='ocrx_word' id='word_1_323' title='bbox 917 4242 960 4293; x_wconf 75' lang='lat' dir='ltr'>des</span> <span class='ocrx_word' id='word_1_324' title='bbox 978 4241 1075 4294; x_wconf 70' lang='lat' dir='ltr'>Fratre</span> <span class='ocrx_word' id='word_1_325' title='bbox 1094 4242 1234 4300; x_wconf 64' lang='lat' dir='ltr'>Irerrr&#39;r&#39;rrs.)</span> 
     </span>
    </p>
   </div>
   <div class='ocr_carea' id='block_1_9' title="bbox 117 4360 1315 4849">
    <p class='ocr_par' dir='ltr' id='par_1_9' title="bbox 117 4360 1315 4849">
     <span class='ocr_line' id='line_1_40' title="bbox 185 4360 1241 4430; baseline 0.001 -18"><span class='ocrx_word' id='word_1_326' title='bbox 185 4377 198 4402; x_wconf 71' lang='lat' dir='ltr'>a</span> <span class='ocrx_word' id='word_1_327' title='bbox 214 4360 346 4413; x_wconf 80' lang='lat' dir='ltr'>llolrccia.</span> <span class='ocrx_word' id='word_1_328' title='bbox 401 4365 414 4403; x_wconf 73' lang='lat'>¹³</span> <span class='ocrx_word' id='word_1_329' title='bbox 429 4364 591 4416; x_wconf 75' lang='lat' dir='ltr'>Coustnucia.</span> <span class='ocrx_word' id='word_1_330' title='bbox 645 4362 874 4416; x_wconf 71' lang='lat' dir='ltr'>vsncordocinriis,</span> <span class='ocrx_word' id='word_1_331' title='bbox 928 4365 941 4402; x_wconf 75' lang='grc' dir='ltr'>(Ι</span> <span class='ocrx_word' id='word_1_332' title='bbox 956 4364 1111 4430; x_wconf 85' lang='lat' dir='ltr'>pungnatur.</span> <span class='ocrx_word' id='word_1_333' title='bbox 1160 4361 1241 4414; x_wconf 68' lang='lat' dir='ltr'>euin</span> 
     </span>
     <span class='ocr_line' id='line_1_41' title="bbox 125 4429 1241 4498; baseline 0.006 -20"><span class='ocrx_word' id='word_1_334' title='bbox 125 4429 201 4483; x_wconf 81' lang='lat' dir='ltr'>ll&#39;orl.</span> <span class='ocrx_word' id='word_1_335' title='bbox 221 4434 285 4480; x_wconf 62' lang='lat' dir='ltr'>cluo.</span> <span class='ocrx_word' id='word_1_336' title='bbox 304 4432 375 4484; x_wconf 80' lang='lat' dir='ltr'>intio.</span> <span class='ocrx_word' id='word_1_337' title='bbox 389 4432 559 4498; x_wconf 71' lang='lat' dir='ltr'>urrryclbllen.</span> <span class='ocrx_word' id='word_1_338' title='bbox 610 4435 620 4472; x_wconf 80' lang='lat' dir='ltr'>s</span> <span class='ocrx_word' id='word_1_339' title='bbox 635 4434 675 4483; x_wconf 87' lang='lat' dir='ltr'>rir</span> <span class='ocrx_word' id='word_1_340' title='bbox 693 4432 775 4484; x_wconf 76' lang='lat' dir='ltr'>bonus¹</span> <span class='ocrx_word' id='word_1_341' title='bbox 792 4431 853 4497; x_wconf 64' lang='lat' dir='ltr'>sehr</span> <span class='ocrx_word' id='word_1_342' title='bbox 871 4432 912 4481; x_wconf 73' lang='lat' dir='ltr'>lai</span> <span class='ocrx_word' id='word_1_343' title='bbox 932 4431 1033 4482; x_wconf 70' lang='lat' dir='ltr'>uiden.</span> <span class='ocrx_word' id='word_1_344' title='bbox 1081 4432 1241 4498; x_wconf 75' lang='lat' dir='ltr'>urrophario.</span> 
     </span>
     <span class='ocr_line' id='line_1_42' title="bbox 118 4498 1242 4566; baseline 0.005 -19"><span class='ocrx_word' id='word_1_345' title='bbox 118 4504 131 4540; x_wconf 82' lang='lat' dir='ltr'>h</span> <span class='ocrx_word' id='word_1_346' title='bbox 147 4498 312 4551; x_wconf 71' lang='lat' dir='ltr'>condicionis.</span> <span class='ocrx_word' id='word_1_347' title='bbox 371 4501 451 4552; x_wconf 80' lang='lat' dir='ltr'>ihiis.</span> <span class='ocrx_word' id='word_1_348' title='bbox 505 4501 572 4554; x_wconf 75' lang='lat' dir='ltr'>kEi&#39;</span> <span class='ocrx_word' id='word_1_349' title='bbox 592 4525 625 4542; x_wconf 62' lang='grc' dir='ltr'>ε</span> <span class='ocrx_word' id='word_1_350' title='bbox 644 4501 844 4566; x_wconf 73' lang='lat' dir='ltr'>Eidibrrs,m&#39;r¹lrt</span> <span class='ocrx_word' id='word_1_351' title='bbox 916 4499 1100 4564; x_wconf 76' lang='lat' dir='ltr'>K1.(Gideru.</span> <span class='ocrx_word' id='word_1_352' title='bbox 1157 4500 1242 4555; x_wconf 84' lang='lat' dir='ltr'><strong>¹XX.</strong></span> 
     </span>
     <span class='ocr_line' id='line_1_43' title="bbox 190 4567 1243 4639; baseline 0.006 -21"><span class='ocrx_word' id='word_1_353' title='bbox 190 4570 195 4598; x_wconf 92' lang='lat'>¹</span> <span class='ocrx_word' id='word_1_354' title='bbox 213 4567 271 4619; x_wconf 80' lang='lat' dir='ltr'>loli.</span> <span class='ocrx_word' id='word_1_355' title='bbox 284 4568 440 4631; x_wconf 67' lang='lat' dir='ltr'>Brisgoicus.</span> <span class='ocrx_word' id='word_1_356' title='bbox 460 4569 605 4638; x_wconf 72' lang='lat' dir='ltr'>llieggcr</span> <span class='ocrx_word' id='word_1_357' title='bbox 624 4589 646 4637; x_wconf 85' lang='lat' dir='ltr'>p.</span> <span class='ocrx_word' id='word_1_358' title='bbox 658 4573 714 4622; x_wconf 72' lang='lat'>378.</span> <span class='ocrx_word' id='word_1_359' title='bbox 729 4571 785 4623; x_wconf 74' lang='lat' dir='ltr'>:rou</span> <span class='ocrx_word' id='word_1_360' title='bbox 832 4573 842 4601; x_wconf 71' lang='lat'><strong>²</strong></span> <span class='ocrx_word' id='word_1_361' title='bbox 859 4570 943 4639; x_wconf 81' lang='lat' dir='ltr'>Georg</span> <span class='ocrx_word' id='word_1_362' title='bbox 956 4569 1075 4638; x_wconf 73' lang='lat' dir='ltr'>Wagelin</span> <span class='ocrx_word' id='word_1_363' title='bbox 1090 4570 1243 4636; x_wconf 72' lang='lat' dir='ltr'>(Achaeusl.</span> 
     </span>
     <span class='ocr_line' id='line_1_44' title="bbox 119 4636 1268 4707; baseline -0.005 -16"><span class='ocrx_word' id='word_1_364' title='bbox 119 4636 228 4704; x_wconf 75' lang='lat' dir='ltr'>llioggcr</span> <span class='ocrx_word' id='word_1_365' title='bbox 255 4654 279 4704; x_wconf 90' lang='lat' dir='ltr'>p.</span> <span class='ocrx_word' id='word_1_366' title='bbox 307 4640 364 4692; x_wconf 73' lang='grc'>374,</span> <span class='ocrx_word' id='word_1_367' title='bbox 436 4640 577 4692; x_wconf 78' lang='lat' dir='ltr'>³Alrnlioh</span> <span class='ocrx_word' id='word_1_368' title='bbox 608 4640 699 4692; x_wconf 75' lang='lat' dir='ltr'>Zosiue</span> <span class='ocrx_word' id='word_1_369' title='bbox 725 4655 758 4690; x_wconf 86' lang='lat' dir='ltr'>nn</span> <span class='ocrx_word' id='word_1_370' title='bbox 784 4638 885 4691; x_wconf 88' lang='lat' dir='ltr'>Luthor</span> <span class='ocrx_word' id='word_1_371' title='bbox 904 4638 930 4692; x_wconf 78' lang='lat' dir='ltr'>t.</span> <span class='ocrx_word' id='word_1_372' title='bbox 945 4640 1023 4705; x_wconf 58' lang='lat' dir='ltr'>Sept.</span> <span class='ocrx_word' id='word_1_373' title='bbox 1037 4638 1128 4688; x_wconf 56' lang='lat' dir='ltr'>tulba</span> <span class='ocrx_word' id='word_1_374' title='bbox 1148 4637 1223 4685; x_wconf 44' lang='lat' dir='ltr'>&amp;ab</span> <span class='ocrx_word' id='word_1_375' title='bbox 1233 4637 1268 4707; x_wconf 63' lang='lat' dir='ltr'>s}</span> 
     </span>
     <span class='ocr_line' id='line_1_45' title="bbox 117 4696 1300 4808; baseline -0.007 -50"><span class='ocrx_word' id='word_1_376' title='bbox 117 4722 202 4792; x_wconf 70' lang='lat' dir='ltr'>nequo</span> <span class='ocrx_word' id='word_1_377' title='bbox 218 4706 313 4783; x_wconf 78' lang='lat' dir='ltr'>potoris</span> <span class='ocrx_word' id='word_1_378' title='bbox 332 4708 425 4773; x_wconf 78' lang='lat' dir='ltr'>nonne,</span> <span class='ocrx_word' id='word_1_379' title='bbox 446 4724 537 4762; x_wconf 80' lang='lat' dir='ltr'>vereor</span> <span class='ocrx_word' id='word_1_380' title='bbox 552 4726 611 4789; x_wconf 83' lang='lat' dir='ltr'>esee</span> <span class='ocrx_word' id='word_1_381' title='bbox 630 4709 657 4762; x_wconf 91' lang='lat' dir='ltr'>in</span> <span class='ocrx_word' id='word_1_382' title='bbox 675 4714 703 4763; x_wconf 84' lang='lat' dir='ltr'>te</span> <span class='ocrx_word' id='word_1_383' title='bbox 722 4724 792 4778; x_wconf 63' lang='lat' dir='ltr'>irone</span> <span class='ocrx_word' id='word_1_384' title='bbox 810 4707 1025 4788; x_wconf 64' lang='lat' dir='ltr'>desiderenturs</span> <span class='ocrx_word' id='word_1_385' title='bbox 1038 4696 1300 4808; x_wconf 45' lang='lat' dir='ltr'>.WQQQ³{3}{Q</span> 
     </span>
     <span class='ocr_line' id='line_1_46' title="bbox 151 4771 1315 4849; baseline -0.002 -22"><span class='ocrx_word' id='word_1_386' title='bbox 151 4775 365 4829; x_wconf 68' lang='lat' dir='ltr'>*lorechnohon</span> <span class='ocrx_word' id='word_1_387' title='bbox 378 4793 427 4831; x_wconf 82' lang='lat' dir='ltr'>aus</span> <span class='ocrx_word' id='word_1_388' title='bbox 438 4776 504 4848; x_wconf 85' lang='lat' dir='ltr'>XX,</span> <span class='ocrx_word' id='word_1_389' title='bbox 522 4797 576 4835; x_wconf 82' lang='lat' dir='ltr'>uro</span> <span class='ocrx_word' id='word_1_390' title='bbox 591 4782 641 4836; x_wconf 86' lang='lat' dir='ltr'>dor</span> <span class='ocrx_word' id='word_1_391' title='bbox 654 4778 749 4836; x_wconf 80' lang='lat' dir='ltr'>lnhalt</span> <span class='ocrx_word' id='word_1_392' title='bbox 766 4777 885 4849; x_wconf 71' lang='lat' dir='ltr'>orgiobt.</span> <span class='ocrx_word' id='word_1_393' title='bbox 905 4775 978 4845; x_wconf 55' lang='lat' dir='ltr'>*Igu</span> <span class='ocrx_word' id='word_1_394' title='bbox 992 4771 1182 4826; x_wconf 44' lang='lat' dir='ltr'>&amp;tinnio-t&gt;</span> <span class='ocrx_word' id='word_1_395' title='bbox 1219 4796 1227 4807; x_wconf 89' lang='lat'>·</span> <span class='ocrx_word' id='word_1_396' title='bbox 1303 4783 1315 4799; x_wconf 65' lang='lat'>³</span> 
     </span>
    </p>
   </div>
   <div class='ocr_carea' id='block_1_10' title="bbox 0 0 1392 4966">
    <p class='ocr_par' dir='ltr' id='par_1_10' title="bbox 0 0 1392 4966">
     <span class='ocr_line' id='line_1_47' title="bbox 0 0 1392 4966; baseline 0 0"><span class='ocrx_word' id='word_1_397' title='bbox 0 0 1392 4966; x_wconf 95' lang='lat' dir='ltr'> </span> 
     </span>
    </p>
   </div>
  </div>
 </body>
</html>
