2774 4966
142 595 206 660 582
574 591 660 645 Briete
678 590 724 643 des
743 588 766 647 J.
788 592 861 654 1515.

144 790 238 832 nosse
272 787 411 847 possum,
454 765 584 845 dignum
609 768 658 828 est
680 785 770 846 opus,
799 765 852 829 cui
878 765 1045 829 severioris
1075 765 1214 848 exempli
1237 765 1282 828 si-

146 854 320 917 mulacrum
345 855 512 932 superstet.
562 849 642 913 Nam
667 851 753 914 nuda
775 849 971 914 stimulatrix
996 849 1104 913 multis
1127 870 1283 915 nauseam

146 944 280 1003 naturae
316 937 402 1000 vitiis
435 934 565 1007 excitat,
599 935 709 1015 paucis
743 935 897 999 laetitiam
928 935 1191 1017 voluptatemque
1220 937 1284 999 nisi

147 1024 334 1088 exhilaratis
371 1019 615 1085 combibonibus
649 1021 750 1084 affert.
803 1022 896 1085 Docti
928 1025 1048 1085 norunt
1073 1042 1170 1085 sexus
1196 1021 1285 1085 illius

147 1108 274 1173 foedum
306 1107 495 1188 proluvium.
543 1106 655 1169 Verum
687 1127 749 1169 non
780 1107 857 1169 mihi
886 1106 941 1170 sed
969 1106 1017 1170 illi
1043 1110 1191 1188 paratum
1222 1111 1284 1183 est,

148 1196 203 1277 qui
233 1193 310 1257 velit
340 1191 421 1255 nolit
448 1213 589 1254 cunnum
617 1193 746 1255 visitare
770 1197 801 1255 et
825 1192 891 1255 dies
923 1196 1034 1256 noctes
1066 1192 1185 1257 nudam
1215 1215 1286 1256 am·

145 1280 242 1362 plecti
273 1278 436 1341 dominum
467 1298 594 1339 necesse
625 1276 731 1340 habet.
783 1277 830 1340 Illi
864 1278 1019 1341 donamus
1053 1277 1286 1359 spectaculum,

148 1366 371 1443 dicturumque
394 1383 464 1425 reor
485 1362 633 1437 amicum,
658 1362 689 1423 id
713 1363 797 1442 quod
821 1368 945 1425 amator
968 1362 1169 1426 Philolaches
1197 1363 1286 1444 apud

151 1450 297 1514 Plautum
318 1447 451 1511 libidine
467 1446 606 1508 Venerea
623 1447 761 1526 percitus
778 1448 875 1510 dixit:
904 1447 993 1527 ,Mea
1006 1447 1287 1523 Philocomasium,

149 1541 259 1618 potare
283 1538 387 1596 tecum
414 1531 590 1593 collibitum
616 1532 709 1594 est.“¹
757 1532 783 1595 Ο
807 1553 902 1613 quam
932 1532 1069 1595 libenter
1098 1533 1233 1608 audiret,
1258 1535 1286 1596 si

148 1619 353 1702 responderet
387 1618 502 1697 imago.
548 1616 640 1679 Libet
672 1618 781 1697 edepol
814 1618 891 1680 mihi
923 1625 1037 1681 tecum.
1083 1617 1164 1680 Nam
1199 1619 1287 1699 quod

148 1706 209 1769 tibi
240 1705 328 1776 libet,
361 1703 444 1766 idem
475 1701 552 1764 mihi
581 1702 668 1766 libet.
715 1702 776 1765 Sed
807 1703 892 1765 nuda
921 1708 978 1765 est.
1025 1703 1167 1778 Quidni?
1212 1703 1287 1768 Non

149 1813 261 1856 omnes
284 1795 361 1852 sunt
383 1787 493 1850 Stoici.
541 1788 636 1850 Pauci
661 1788 819 1851 Zenonem
846 1788 1021 1852 imitantur.
1067 1788 1190 1852 luliniti
1212 1811 1288 1873 pru-

150 1877 229 1940 bant
252 1875 391 1956 ejusdem
417 1877 529 1954 poetae
553 1874 756 1936 versiculum:
784 1873 940 1953 „Pulchra
968 1874 1081 1936 mulier
1111 1874 1196 1938 nuda
1226 1876 1290 1939 erit

149 1983 244 2045 quam
284 1965 459 2041 purpurata
498 1956 704 2038 pulchrior.“²
765 1959 833 2036 Quo
872 1980 921 2021 me
959 1965 1090 2034 vertam,
1134 1958 1290 2023 Urbane?

152 2046 350 2128 „Stultorum
376 2045 469 2126 plena
491 2049 568 2106 sunt
590 2042 744 2106 omniu.“⁸
790 2044 877 2120 Quae
900 2044 972 2108 aliis
1005 2044 1162 2127 voluptati
1199 2051 1289 2122 suut,

150 2131 243 2196 nobis
267 2132 375 2211 inepta
407 2129 569 2206 videntum
598 2150 680 2210 quae
708 2151 766 2192 nos
794 2130 964 2208 delectant,
992 2130 1065 2194 aliis
1094 2131 1290 2200 stultissima

151 2218 250 2281 videri
273 2216 385 2279 solent.
432 2214 485 2277 Sic
509 2215 634 2277 vivitur.
1274 2215 1276 2220 '

247 2301 368 2364 Lucida
391 2300 543 2363 caelatam
568 2304 708 2382 pateram
734 2305 916 2382 supernatat
938 2301 1055 2382 imago,

250 2386 334 2449 nuda
360 2385 444 2449 latus
468 2386 584 2449 nudam
611 2390 793 2448 monstrans
815 2387 884 2448 sine
908 2390 996 2449 veste
1019 2409 1198 2463 cuvernam,

249 2472 521 2552 substrictamque
545 2493 666 2533 comam
691 2470 826 2552 genialis
850 2473 930 2534 vitta
954 2477 1087 2536 coercet.

249 2557 349 2620 Credo
373 2558 518 2639 equidem
543 2556 636 2620 lactis
660 2558 775 2619 animis
799 2558 993 2637 spectabere,
1018 2559 1115 2639 virgo.

254 2643 383 2707 Ornabo
406 2648 513 2706 tamen
538 2642 600 2705 hoc
623 2664 737 2705 munus
760 2643 900 2705 mirificis
923 2644 1037 2721 verbis,
1060 2648 1106 2718 ut,
1130 2647 1290 2723 quantum

152 2730 241 2792 deest
263 2731 360 2810 operi,
395 2729 529 2811 epistola
553 2729 696 2809 jucunda
718 2733 750 2790 et
773 2728 812 2790 ad
836 2728 1079 2792 delectationem
1111 2730 1292 2811 composita

153 2816 313 2878 resarciat.
358 2813 578 2895 Engelmanno
602 2817 674 2895 post
697 2834 789 2892 agam
823 2835 885 2875 non
923 2815 991 2878 sine
1022 2816 1106 2878 dono
1140 2813 1290 2894 gratias⁸

154 2900 274 2977 Scribe,
298 2905 453 2981 quantum
476 2898 660 2962 Car-thusini
692 2898 862 2975 dederint,⁵
899 2907 1053 2981 quantum
1089 2899 1290 2981 relinquatur

154 2985 247 3049 nohis
280 2985 416 3048 deducto
452 3007 523 3048 aere
557 2985 670 3047 alieno.
729 2984 812 3047 Cura
846 2989 881 3047 ut
915 2986 995 3050 bene
1031 2985 1137 3050 valeas
1174 3007 1290 3068 meque

156 3077 266 3134 mutuo
291 3070 415 3151 diligas.
461 3071 578 3133 Datum
602 3070 653 3133 die
675 3068 845 3151 [lamperti.

310 3171 371 3224 Cod.
390 3169 456 3223 Frcf.
476 3171 533 3223 514.

155 3358 270 3424 (Guthal
684 3342 755 3405 521.
1040 3359 1079 3412 18.
1099 3359 1169 3426 Sept.
1189 3359 1290 3427 (1515).

529 3468 672 3536 lllutian
695 3487 743 3536 an
767 3467 907 3537 Urban.

155 3594 335 3660 (Sclrmulrufle
360 3595 439 3647 Scene
464 3612 521 3646 roric
547 3594 627 3649 Kotor
651 3594 736 3653 Mola,
762 3595 807 3647 cler
824 3595 901 3647 eiiwu
918 3612 955 3647 aa
973 3595 1118 3662 rupsenden
1149 3595 1174 3647 V
1201 3596 1225 3648 el
1246 3613 1291 3664 qe·

155 3663 262 3715 stolrlcu.
299 3663 379 3715 Daret*
395 3662 443 3728 fiir
460 3663 509 3715 (ten
527 3663 702 3715 tibersaudlcn
720 3663 806 3715 Kclclr.
844 3663 880 3715 M.
898 3663 956 3715 will
971 3663 1019 3729 situ
1037 3663 1067 3716 U.
1079 3663 1122 3716 dic
1140 3664 1180 3716 In
1266 3665 1291 3718 is

155 3747 208 3782 sur
225 3731 302 3783 Haisa
319 3732 389 3783 nect
407 3731 518 3799 imparis
535 3732 669 3788 creatricen.
706 3731 756 3783 Dic
777 3732 878 3799 (loquer
896 3731 991 3797 rcrerfen
1015 3731 1072 3785 ϋιηι
1095 3749 1149 3793 cur,
1174 3732 1238 3786 (loss
1261 3751 1292 3785 er

156 3799 227 3850 seina
251 3799 481 3867 l'crplliclrluupcm
496 3817 576 3867 qcpen
592 3800 664 3852 seille
683 3799 836 3868 Mitbr'trpcr,
856 3800 958 3852 Bcsaccb
975 3801 1021 3851 dar
1039 3800 1197 3853 Hcclmeitcu
1209 3817 1235 3854 u.
1248 3802 1290 3868 dp.

157 3873 298 3920 multione.
335 3868 509 3935 Enlrccrfuup
535 3869 606 3921 circes
632 3868 722 3921 Bildcs
748 3869 791 3920 dea
819 3885 893 3920 accur
916 3868 1024 3930 ticinen,
1050 3869 1113 3921 uber
1134 3869 1215 3937 pcist'
1248 3869 1291 3921 bc·

156 3936 296 3988 decateron
334 3936 431 3991 Urbate.
455 3937 501 3988 (ter
518 3937 568 3988 mit
586 3938 643 3989 deur
655 3937 750 4004 jdrrpsl
765 3936 910 4004 posulleneu
937 3936 1030 3988 Here-no
1060 3937 1198 3991 Stormdor
1234 3954 1291 3990 uer·

421 4005 526 4072 plr'chen
545 4005 619 4058 ward.
655 4005 824 4073 nummata
842 4004 890 4070 fair
908 4004 1020 4063 Euhan.)

416 4117 544 4167 Urbano
562 4123 669 4168 nostro
687 4117 844 4178 praesidio
863 4119 906 4168 M.
926 4117 1037 4168 Rufus.

261 4226 364 4290 Salus.
411 4228 495 4303 Heri,
519 4229 562 4290 mi
588 4229 723 4304 Urbane,
747 4229 865 4293 oblitus
889 4228 995 4305 officii,
1012 4229 1096 4311 quod
1115 4230 1146 4292 in
1163 4228 1292 4292 actione

158 4315 331 4395 gratiarum
355 4315 511 4390 consistit,
537 4334 598 4377 non
617 4314 701 4395 quod
719 4335 828 4395 parum
852 4315 994 4378 laetitiae
1013 4315 1292 4396 jucunditatisque

158 4452 304 4459 ——--.-.-
327 4454 360 4458 —

228 4518 235 4548 ¹
252 4515 339 4570 l'laut,
359 4514 471 4569 Mostell.
491 4516 511 4580 1,
531 4519 555 4584 3,
576 4517 631 4569 131.
704 4516 842 4569 ²l10sl011.
862 4517 882 4581 l,
902 4519 925 4582 3,
946 4519 1002 4570 131.
1076 4518 1086 4549 ³
1103 4515 1155 4569 Cic.
1175 4516 1209 4571 ud
1226 4516 1291 4572 lum.

139 4585 191 4655 IX,
212 4586 254 4652 22,
275 4590 298 4644 4.
376 4586 430 4643 ⁴8.
450 4586 499 4662 581
522 4590 552 4644 A.
572 4586 598 4646 8.
670 4585 752 4641 lh'iir·
770 4586 821 4640 deu
834 4585 990 4653 tuentur.
1020 4585 1050 4637 S.
1065 4584 1117 4638 aab
1137 4589 1166 4638 h„
1182 4586 1207 4638 8.
