2774 4966
540 620 644 674 Mutius
663 636 697 672 un
716 617 849 688 spalatin.
1217 616 1258 681 59

139 799 291 880 stupidior
313 819 413 859 essem
438 797 556 877 stipite,
580 794 645 858 tuis
674 801 789 872 tumen,
819 796 881 858 imo
911 794 1053 859 corrnobii
1081 793 1128 854 tui
1155 792 1256 856 libris¹

137 885 179 948 ita
208 886 378 967 derepente
410 906 478 954 sum
512 884 669 954 incensus,
700 886 736 943 ut
759 904 901 946 serenum
927 887 959 944 et
982 880 1138 961 placidum
1173 878 1258 942 hunc

138 972 212 1034 diem
248 993 315 1035 esse
346 980 378 1033 et
405 992 455 1032 me
482 970 561 1032 satis
595 968 728 1031 refotum
766 969 1069 1048 recalescentemqne
1103 987 1257 1028 censeam.

138 1060 228 1121 Amor
251 1058 342 1121 calet.
389 1056 450 1120 Sed
473 1056 580 1119 nescio
604 1079 643 1119 an
668 1058 769 1137 possit
791 1056 873 1117 ullus
890 1076 957 1116 esse
973 1053 1141 1126 ardentior,
1162 1074 1258 1132 quam

139 1167 219 1208 meus
243 1150 290 1207 est
314 1165 387 1224 erga
411 1143 571 1205 doctrinas
594 1144 797 1205 amoeniores,
843 1142 897 1203 llle
922 1141 1057 1203 ferratus
1081 1139 1178 1200 codex
1197 1139 1256 1201 Su-

138 1232 245 1294 namiti
272 1230 424 1293 Dauidica
454 1230 639 1310 flagrantior
666 1234 722 1291 est.
771 1230 977 1309 Hieronymus
1000 1228 1046 1288 ait
1069 1226 1257 1308 sapientiam

138 1317 248 1380 fovisse
271 1316 421 1379 Davidem
437 1317 500 1397 jam
519 1337 624 1378 senem
643 1323 673 1377 et
691 1315 804 1397 probat
819 1316 920 1394 magis
936 1336 1062 1376 sensum
1080 1313 1256 1394 mysticum.

139 1403 310 1484 Utcunque,
343 1404 493 1465 metricus
525 1403 783 1484 chronographus
815 1401 889 1462 milri
918 1408 966 1463 est
989 1399 1036 1461 vel
1062 1421 1115 1481 pro
1139 1397 1258 1479 Sophia

138 1489 180 1551 vel
211 1489 382 1554 Sunamiti.
429 1489 539 1552 Verum
565 1488 616 1551 ille
640 1489 803 1551 candidior
834 1486 958 1550 libellus
988 1494 1180 1566 tamquaml
1211 1485 1257 1546 sol

138 1577 271 1639 aestivus
306 1576 420 1639 laetius
455 1575 650 1657 resplenduit
679 1581 709 1636 et
733 1575 864 1657 dispulit
895 1573 1038 1638 nubilum
1071 1578 1104 1634 et
1132 1573 1255 1654 pigrum

138 1662 238 1743 trigue.
284 1663 311 1726 0
336 1662 422 1738 dene,
452 1685 543 1744 quem
569 1684 623 1742 pro
647 1662 818 1724 christiano
848 1661 972 1723 decreto
1000 1659 1125 1741 publice
1156 1659 1258 1741 priva-

138 1750 250 1830 timque
275 1748 417 1829 colimne,
440 1773 530 1813 serva
554 1750 630 1812 mihi
653 1749 899 1832 benignissimos
922 1753 1026 1830 patres
1054 1747 1173 1809 ordinis
1204 1744 1256 1806 Ci-

139 1836 250 1898 stercii!
299 1836 383 1898 Dant
405 1837 492 1917 ligna
515 1842 547 1901 et
571 1838 742 1910 materiam,
767 1837 845 1898 dant
861 1857 933 1897 sues
950 1842 980 1897 et
999 1835 1107 1914 pisces.
1131 1853 1255 1896 accom-

139 1922 259 1985 modant
284 1921 383 1985 libros
406 1930 438 1984 et.
461 1946 509 1986 me
532 1924 579 1986 vel
606 1923 742 1986 Venetiis
765 1924 926 2004 adjuvant.
973 1920 1033 1983 Pro
1057 1920 1172 2000 quibus
1193 1941 1258 1981 me-

140 2008 202 2070 ritis
224 2031 347 2091 semper·
371 2010 484 2072 amabo
508 2009 614 2072 divum
641 2010 857 2082 Benedictnm,
875 2014 1032 2071 auctorem
1052 2007 1137 2069 illius
1154 2010 1257 2068 sectae

140 2095 324 2176 primarium.
370 2095 528 2160 Hortabor
551 2097 728 2178 Baptistam
753 2093 987 2168 Mantuanum,²
1008 2099 1044 2156 ut
1061 2093 1157 2155 vitam
1174 2093 1256 2156 tanti

139 2183 229 2262 patris
253 2182 398 2246 versibus
421 2189 519 2247 ornet.
566 2183 632 2265 Ego
656 2205 782 2265 quoqne
806 2183 993 2247 breviarium
1018 2204 1056 2244 ex
1080 2181 1190 2261 regula
1205 2180 1258 2243 de-

139 2290 265 2350 cerpam,
291 2269 375 2350 quod
399 2270 481 2333 dabo
505 2269 633 2335 Urbano
664 2271 758 2334 rebus
789 2272 877 2334 seriis
901 2274 932 2333 et
955 2268 1092 2344 ludicris
1117 2275 1153 2331 ut
1175 2269 1258 2351 sapi·

138 2360 233 2418 entem
259 2356 359 2433 decet,
387 2357 561 2439 aptissime.
608 2357 699 2420 Nunc
734 2358 914 2421 summatim
951 2357 1159 2438 perstringam
1195 2376 1255 2419 nou

137 2440 264 2518 inutilia,
288 2443 467 2524 quaemihi
491 2466 530 2507 ex
556 2445 655 2528 prima
678 2446 873 2526 inspectione
896 2444 1064 2507 observata
1086 2449 1169 2506 sunt.
1208 2442 1256 2507 Ex

136 2526 293 2592 Benedicti
321 2528 429 2593 schola
459 2553 568 2594 novem
598 2531 744 2594 clariores
773 2537 877 2594 sectae
906 2534 1127 2614 provenerunt.
1173 2528 1258 2594 lutei·

135 2635 208 2695 quos
244 2615 470 2682 Cistercienses
503 2640 565 2681 non
594 2624 668 2682 sunt
696 2619 805 2682 intimi.
852 2618 964 2681 Mirum
989 2619 1020 2681 iu
1044 2618 1172 2681 modum
1205 2616 1257 2678 de·

135 2699 260 2765 lectavit
284 2725 333 2765 me
357 2704 480 2785 pictura
496 2727 566 2768 cum
584 2704 632 2767 liis
649 2706 813 2768 verborum
839 2704 1100 2768 illectationibus:
1128 2703 1257 2785 „Venite

133 2787 290 2853 benedicti
312 2791 412 2872 patris
435 2792 506 2867 mei,
529 2792 685 2855 benedicti
703 2815 759 2855 vos
777 2815 795 2854 a
812 2792 949 2864 domino,
973 2792 1026 2872 qui
1046 2791 1120 2854 lecit
1136 2790 1256 2854 coelum

132 2881 162 2937 et
183 2880 308 2939 terram.
354 2876 486 2960 Respice
509 2878 548 2941 de
570 2878 656 2942 coelo
680 2885 710 2941 et
734 2879 804 2942 vide
827 2884 858 2942 et
880 2880 975 2942 visita
998 2879 1121 2940 vineam
1152 2878 1257 2951 istam,

131 2983 246 3025 memor
284 2969 353 3026 esto
392 2965 647 3048 congregationis
684 2971 766 3040 tuae,
805 2969 893 3046 pater
930 2963 1158 3028 sanctissime.“
1214 2962 1259 3030 Mi

131 3049 304 3131 Spalatine,
329 3072 413 3114 nunc
436 3052 561 3115 demum
585 3053 686 3115 sentio
710 3075 760 3115 me
784 3054 826 3135 pii
850 3061 882 3116 et
904 3053 1042 3134 religiosi
1059 3051 1161 3115 cordis
1178 3072 1255 3113 esse.

130 3134 177 3198 lta
200 3135 278 3199 haec
303 3137 397 3201 verba
424 3143 552 3202 movent
576 3143 607 3202 et
629 3162 728 3222 paene
757 3139 929 3203 lacrimasb
960 3140 1111 3203 excitant.
1158 3138 1257 3219 Pergo

129 3220 245 3305 legere:
271 3224 398 3288 invenio
422 3226 683 3289 commentarium
706 3226 840 3289 Joannis
863 3226 970 3290 Turris
993 3225 1157 3289 Crematae
1181 3224 1257 3287 Car·

128 3307 270 3383 dinalis,³
298 3311 388 3391 cujus
415 3311 567 3394 glossaec
597 3314 628 3375 in
658 3313 844 3376 Psalterium
871 3325 902 3376 et
925 3312 1005 3375 aliae
1034 3312 1256 3375 meditationes

128 3396 402 3460 circumferuntur.
448 3398 507 3462 Est
529 3406 633 3463 autem
658 3399 735 3462 haec
755 3400 974 3483 interpretatio
992 3400 1092 3480 magis
1108 3398 1256 3480 religiosa

127 3504 221 3563 quam
247 3482 346 3557 culta,
369 3485 471 3565 magis
495 3486 628 3549 verbosa
651 3509 745 3568 qnam
775 3487 924 3561 cohibita,
956 3487 1043 3549 utilis
1069 3491 1176 3548 tamen
1207 3485 1257 3565 pio

126 3570 411 3652 contemplatori.d
455 3570 529 3635 lllox
555 3574 679 3653 regulae
705 3573 798 3636 verba
815 3575 949 3653 attingo.
989 3573 1154 3636 Osumme
1170 3571 1257 3647 deus,

126 3655 248 3736 qualia!
279 3657 490 3733 sanctissima,
522 3659 720 3723 electissima.
767 3659 878 3741 ltaque
901 3668 932 3722 te
955 3659 1119 3735 admoneo,
1145 3664 1179 3721 ut
1202 3659 1258 3721 ab·

126 3742 193 3804 bati
223 3744 394 3807 reverendo
424 3745 510 3807 dicas
537 3768 586 3808 me
615 3746 810 3826 persuadere.
835 3754 871 3809 ut
893 3751 981 3809 curet
1004 3769 1072 3808 eum
1096 3745 1202 3808 suisa
1226 3751 1257 3808 te

125 3828 358 3910 perlegendam.
404 3830 481 3893 Post
514 3854 572 3911 ego
606 3831 709 3895 saluto
742 3832 904 3895 Basiliam.
952 3833 1009 3895 Hic
1037 3841 1069 3894 tu
1103 3831 1258 3906 ausculta,

126 3915 202 3995 qnid
235 3915 347 3979 dicam.
395 3917 578 3981 Bessarion⁴
606 3919 657 3982 ille
685 3919 888 3982 doctissimus
911 3920 992 3981 vixit
1015 3918 1053 3981 ad
1079 3918 1190 3982 Basilii
1211 3941 1259 3980 re-

125 4001 233 4081 gulam
259 4008 291 4065 et
313 4003 503 4066 coenobium
528 4005 684 4075 fundavit,
710 4007 741 4067 in
759 4028 821 4085 quo
839 4005 990 4068 Basiliam
1013 4027 1124 4085 graece
1148 4005 1258 4068 dicunt

129 4133 330 4140 m-----.-„--.

193 4203 206 4229 ²
222 4192 355 4256 tauquam.
428 4190 604 4242 blachrimas.
677 4208 688 4232 ‹·
704 4191 781 4259 gloss.
853 4197 865 4232 «Ι
881 4210 927 4259 pru
946 4192 1148 4260 contemplatore
1170 4191 1241 4243 Teuc.

197 4257 273 4309 ¹llie
292 4256 457 4310 cntliehenen
479 4259 585 4311 Biiclrer
603 4277 689 4311 uaruu
709 4261 766 4312 eine
791 4263 915 4325 peieimto
944 4263 1064 4319 lss'lnnnik,
1092 4262 1134 4312 «lie
1162 4259 1259 4327 Regeln

125 4325 171 4377 des
191 4325 226 4379 ht
247 4325 378 4378 Beuedilrt
403 4329 455 4379 und
480 4328 603 4382 Basilius.
640 4329 759 4381 Letalem
786 4331 835 4382 mit
863 4331 945 4383 denen
974 4333 1019 4382 des
1049 4331 1176 4397 Angustia
1207 4329 1259 4381 und

126 4392 284 4447 Franciscus
310 4395 463 4448 erschienen
481 4397 547 4450 l'en.
570 4399 643 4453 lollii.
663 4399 711 4449 mit
729 4399 935 4452 Holzsclmitten.
972 4401 1050 4452 lliese
1081 4406 1158 4467 Ausg.
1189 4400 1259 4450 hatte

125 4462 170 4524 M,
188 4464 240 4516 wie
257 4480 306 4516 ans
324 4465 384 4516 dem
403 4466 462 4533 fulg.
481 4467 584 4528 erhollt,
603 4484 650 4519 vor·
668 4468 732 4521 sicli.
805 4470 866 4521 '·'Es
893 4471 957 4535 sulpt
984 4486 1030 4521 uus
1060 4471 1144 4520 dieser·
1168 4467 1257 4531 Stelle,

124 4533 187 4584 dass
199 4531 235 4586 M.
249 4533 300 4586 den
314 4534 469 4587 lieriilrmteu
488 4535 597 4587 Dichter
616 4537 640 4588 in
662 4536 752 4589 ltalieu
772 4539 919 4604 peislinliclr
939 4540 1040 4590 leuuca
1059 4539 1159 4605 pelemt
1176 4538 1257 4588 hatto.

123 4600 150 4655 S.
172 4601 206 4655 52
224 4604 256 4656 A.
276 4602 299 4657 2.
372 4605 382 4634 ³
398 4604 421 4657 J.
440 4604 619 4671 Torquomada
637 4607 656 4669 l
676 4607 749 4670 lutis,
769 4607 904 4660 Ver-lassor
922 4625 971 4659 ion
991 4611 1193 4660 l'mnmcntaren
1213 4619 1259 4656 mu·

128 4668 212 4741 Bega]
230 4671 278 4726 des
295 4671 332 4726 hl.
351 4671 480 4728 Benedilrt
497 4675 552 4728 und
570 4691 604 4728 zu
622 4676 672 4729 deu
689 4675 819 4731 Psalmeu.
892 4679 901 4709 ⁴
919 4678 944 4731 S.
962 4677 996 4729 47
1016 4680 1047 4730 A.
1065 4679 1090 4731 3.
