2774 4966
157 613 224 679 484
575 613 663 666 Brictc
681 611 727 666 dos
745 611 769 666 J.
790 611 864 668 1514.

158 807 221 884 gen
223 785 270 848 tia
223 783 414 848 tfacitt
363 788 432 847 e
455 784 593 847 alienum
617 806 636 846 a
659 788 733 847 nost
735 785 787 847 ris.
832 782 903 846 Nou
931 784 1104 847 offendaris
1131 782 1194 849 hac
1218 807 1294 851 mea

158 871 303 934 veritate.
348 869 419 932 Non
452 868 712 932 malevolentius
698 868 809 932 tteob
795 869 906 946 t‚undo
934 868 989 931 sed
1019 870 1121 933 amice
1154 873 1290 953 corrigo.

159 955 264 1021 Nolim
296 955 380 1018 enim
412 955 522 1018 dicant
508 955 612 1018 tviri
648 954 734 1018 docti
767 919 982 1018 Hereboldum
1017 955 1187 1020 insolentis
1221 979 1292 1022 osse

158 1046 301 1117 naturae,
325 1047 361 1103 ut
388 1040 547 1122 gignast
534 1040 689 1103 tibimet·
719 1040 778 1120 ipsi
810 1044 867 1103 aut
897 1045 1117 1122 contemptum
1150 1043 1251 1106 aut
1242 1065 1291 1107 rn-

159 1126 286 1190 vidiam.
332 1125 408 1189 Esto
432 1127 531 1189 comis
553 1129 585 1187 et
607 1125 746 1188 affabilis
768 1130 801 1188 et
824 1125 991 1189 humanus.
1037 1125 1110 1208 lpse
1125 1148 1166 1190 ue
1181 1125 1292 1193 Suada

158 1213 287 1310 quidem
311 1212 428 1274 rectius
450 1211 511 1274 tibi
534 1212 689 1274 suaderet.
736 1210 916 1273 liobanum¹
942 1211 1068 1292 adjuva,
1092 1217 1128 1277 ut
1143 1211 1291 1278 obtineat

158 1298 327 1362 lectionem
366 1304 549 1380 perpetuam
586 1318 656 1359 cum
695 1298 866 1394 stipendio
923 1296 1135 1379 Philosophus
1168 1303 1289 1364 tueare

157 1384 192 1447 ln
217 1382 277 1447 hac
300 1403 427 1465 quoque
450 1405 482 1445 re
505 1381 582 1444 mibi
605 1382 708 1456 velim
733 1383 759 1444 si
783 1386 883 1464 potes
907 1383 1116 1479 obtemperes,
1139 1384 1289 1468 utAper·

158 1468 287 1533 bacchis
312 1468 464 1531 affinibus
487 1464 620 1530 ferveas.²
665 1467 732 1548 Ego
763 1469 808 1530 ita
840 1489 909 1531 sum
939 1469 1107 1549 ingenuus,
1131 1474 1179 1547 ut,
1209 1491 1291 1552 quos

158 1554 296 1620 semel
288 1577 320 1617 in
358 1552 466 1616 album
500 1554 674 1616 amicorum
696 1554 808 1635 recepi
845 1575 898 1617 eos
933 1554 964 1616 in
999 1575 1106 1618 amore
1140 1562 1291 1620 constan·

159 1641 282 1705 tissime
308 1659 439 1703 servem.
485 1638 557 1702 ldt
543 1643 617 1703 tuae
640 1639 792 1719 dignitati
781 1644 880 1703 1tam
903 1661 937 1702 re
959 1661 1053 1721 quam
1077 1639 1184 1704 verbis
1211 1641 1291 1706 faci-

158 1727 274 1791 endum
309 1747 377 1789 esse
411 1725 568 1788 existimo.
624 1722 688 1788 Sed
722 1730 759 1787 ut
795 1726 835 1788 ad
872 1725 1000 1789 initium
1034 1731 1187 1790 revertar:
1226 1748 1291 1791 uon

156 1812 344 1877 temerarius
367 1832 437 1873 sum
460 1816 517 1873 aut
539 1831 663 1873 eversor
683 1809 813 1874 honoris
829 1812 888 1886 tui,
905 1811 990 1892 quod
1006 1811 1074 1874 dixi
1089 1811 1291 1892 diligentiam

153 1897 409 1981 jurisperitorum
431 1897 588 1959 miseram.
633 1894 771 1959 Exstant
803 1897 836 1958 in
869 1895 939 1977 Dig.
974 1895 1160 1960 Triboniani
1194 1899 1291 1963 titulo

157 1984 197 2048 de
218 1983 333 2064 legatis
357 1986 389 2046 et
410 1981 665 2045 fideicommissis
680 1983 820 2045 secundo
837 1980 1008 2046 Scaevolae
1025 1982 1121 2046 verba
1136 1983 1157 2046 l.
1178 1983 1293 2064 „Codi-

158 2069 258 2134 cillis“
273 2066 296 2131 :⁸
322 2068 459 2149 „Lucius
481 2065 585 2130 Titius
608 2065 669 2130 hoc
691 2089 795 2130 meum
819 2072 1047 2131 testamentum
1077 2070 1192 2151 scripsi
1220 2070 1292 2133 siue

157 2155 222 2219 ullo
252 2154 445 2236 jurisperite,
479 2154 635 2216 rationem
668 2153 767 2216 animi
797 2154 859 2215 mei
891 2154 999 2236 potius
1030 2158 1159 2218 secutus
1193 2176 1291 2236 quam

158 2241 303 2305 miseram
328 2246 360 2302 et
388 2239 519 2301 nimiam
554 2236 799 2319 diligentiam.“‘
844 2238 898 2302 Sic
925 2259 982 2302 vos
1013 2239 1123 2303 solet-is
1152 2240 1292 2322 allegare

158 2327 190 2390 in
208 2325 321 2389 vestris
345 2324 560 2400 contionibus,
585 2344 779 2405 quamquam
799 2323 894 2387 inane
917 2325 960 2387 sit
983 2323 1043 2388 hoc
1058 2325 1291 2390 testimonium.

158 2411 241 2489 Quid
263 2409 335 2474 ita?
380 2408 461 2485 Quia
483 2430 545 2473 non
569 2407 621 2471 bic
644 2410 819 2473 auctoritas
844 2408 1016 2473 Scaevolae
1038 2415 1211 2492 spectatur,
1235 2413 1292 2476 sed

158 2496 323 2580 cujusdam
346 2494 382 2558 L.
406 2494 482 2558 Titii
505 2496 676 2576 scriptum:
713 2495 798 2576 quod
834 2494 961 2559 elevans
995 2497 1150 2579 interpres
1183 2497 1291 2579 legum

157 2582 362 2647 Florentinus
385 2580 584 2643 llccursius:⁶
611 2580 722 2661 „liudi
754 2582 894 2662 inquam,
926 2580 1058 2645 stultum
1091 2587 1290 2648 testatorem.

157 2669 229 2733 Non
259 2673 368 2731 tamen
393 2668 421 2729 ei
443 2667 570 2747 prodest
601 2666 749 2729 stultitia.
795 2666 878 2746 Ergo
909 2689 972 2730 non
997 2672 1045 2731 est
1067 2669 1183 2732 misera
1217 2668 1291 2733 dili-

157 2752 295 2837 gentia.“
345 2753 410 2815 Hoc
443 2750 503 2814 tibi
537 2752 685 2833 placebit,
716 2756 802 2815 certo
836 2754 915 2816 scio
957 2752 1019 2817 Sed
1054 2753 1131 2817 mihi
1165 2754 1292 2819 videtur

161 2841 330 2904 Accursius
353 2859 416 2900 non
440 2838 480 2901 ob
504 2837 535 2899 id
560 2838 754 2918 increpuisse
783 2841 978 2915 testatorem
1012 2839 1067 2902 sed
1091 2844 1219 2921 propter
1243 2863 1291 2918 eu,

161 2949 243 3009 quae
265 2928 458 3006 sequuntur:
486 2929 536 3003 „et
558 2924 614 2985 sib
637 2923 741 2986 minus
765 2922 885 3005 aliquid
917 2924 1077 3004 legitime“
1103 2929 1136 2988 et
1157 2926 1290 3007 reliqua.

160 3013 195 3075 ln
220 3011 306 3074 hunc
328 3009 456 3073 modum
480 3009 611 3071 lusitare
643 3030 712 3072 cum
744 3009 926 3072 Herebordo
961 3031 1031 3073 meo
1063 3010 1158 3074 volui.
1206 3011 1291 3074 Vale.

157 3096 238 3161 Mihi
262 3101 337 3160 tuus
361 3098 410 3158 est
432 3094 535 3157 honor
558 3095 692 3175 propriis
715 3093 911 3158 utilitatibus
933 3096 1104 3176 antiquior.

311 3196 373 3250 Cod.
393 3195 459 3247 Frui
478 3195 537 3247 404.

158 3385 274 3453 (eona.)
685 3368 757 3431 417.
979 3385 1036 3451 (vor
1054 3384 1094 3437 26.
1113 3383 1184 3452 Sept.
1204 3387 1290 3455 1514.)

533 3494 676 3564 Mutiun
700 3514 749 3563 an
773 3495 910 3565 Urbun.

159 3624 288 3692 (Harbord
303 3625 434 3678 ltimmut
451 3624 507 3677 se'eh
526 3626 610 3744 mli
627 3642 675 3676 euru
694 3624 794 3678 Euhan
833 3624 920 3676 Scbe'lo
937 3624 989 3675 soll
1011 3622 1101 3676 tibure
1120 3623 1178 3676 cred
1196 3623 1291 3692 Bugel-

430 3711 515 3746 munn
534 3694 679 3761 Recruunq
696 3692 744 3760 sr'e'r
762 3693 873 3745 lluticm
891 3692 1014 3760 attagen.)

207 3808 479 3858 Praestantissimo
498 3808 565 3857 viro
583 3808 624 3857 Η.
641 3807 770 3857 Urbano
788 3807 946 3868 magistro,
965 3817 1132 3855 oeconomo
1150 3807 1182 3856 et
1200 3805 1232 3856 8.

317 3892 470 3943 Bernurdi
488 3892 624 3942 doctoris
643 3893 760 3952 egregii
778 3892 932 3951 discipulo
950 3892 994 3941 M.
1013 3889 1126 3940 Rubra.

260 4002 292 4067 S.
339 4002 468 4066 Plenius
491 4023 585 4083 quam
619 4023 761 4083 unquam
792 4007 888 4065 antea
909 4001 1017 4082 accepi
1040 4006 1130 4064 tuum
1155 4000 1194 4063 de
1218 3999 1289 4065 Mu·

160 4086 268 4152 sardo⁶
292 4088 457 4170 judicium.
504 4087 591 4152 Satis
621 4094 810 4170 opportune.
857 4088 1017 4150 Admonui
1051 4086 1290 4169 superbientem

156 4227 361 4241 —.„-.

226 4291 383 4346 tibimet.
455 4290 546 4343 bEtsi.

229 4364 237 4393 ¹
255 4359 365 4425 Hessos
384 4361 430 4412 dn
449 4359 515 4412 noch
534 4359 628 4411 keinen
648 4358 792 4411 Lehmtuhl
810 4375 843 4411 an
862 4360 909 4411 der
926 4358 977 4410 Eri.
996 4356 1094 4410 Schulo
1112 4356 1192 4410 hatte.
1229 4355 1275 4426 Vg
1273 4356 1290 4409 l.

155 4428 198 4484 Br.
213 4428 349 4482 47080111.
397 4430 407 4461 ²
425 4418 498 4481 llber
514 4427 649 4480 Herbords
667 4427 817 4480 sclilechtcs
836 4427 1047 4479 Einiornehmen
1061 4426 1110 4477 mit
1121 4425 1211 4478 seinon
1222 4374 1291 4479 11181-

156 4498 286 4564 uandten
306 4498 355 4549 den
375 4497 534 4555 Eberffbaehs
549 4500 602 4564 vgl.
613 4496 638 4548 S
648 4497 774 4549 47117
847 4496 988 4562 ³Lego:
978 4493 1136 4547 »Codioillis«
1125 4495 1290 4563 «(Anlang).

183 4568 194 4598 ⁴
208 4566 306 4637 Digt
263 4572 311 4621 cst.
331 4566 439 4628 XXXI
458 4566 501 4627 88
524 4567 562 4623 17.
635 4564 829 4620 tlFrancisons.
846 4565 905 4632 gob.
924 4581 956 4616 zu
975 4562 1151 4630 Bugnuolub.
1173 4561 1291 4630 Floreuz,

133 4634 232 4690 71111170
248 4640 360 4696 Ante.
385 4642 425 4696 13.
446 4640 503 4713 ln,
523 4639 663 4695 Glossatoi·
622 4637 731 4692 tdes
747 4634 860 4689 lleebts.
925 4631 1061 4698 *N'glma
1077 4631 1129 4681 7711
1148 4633 1221 4684 m
