2774 4966
125 627 189 698 212
545 633 634 688 ariete
651 632 698 688 aa
716 626 741 688 1.
762 632 836 689 1512.

127 804 306 888 Stephano¹
344 828 406 869 non
444 806 546 869 miror.
593 803 690 868 Nihili
726 805 897 869 homuncio
928 811 960 869 et
994 805 1081 870 blato
1114 807 1263 874 inutilior

127 894 238 964 nescit,
262 892 339 973 quid
362 892 521 972 loquatur.
568 889 697 972 Semper
721 891 819 954 habet
841 893 954 954 inanes
977 891 1107 967 loculos,
1135 915 1263 976 semper

127 979 208 1058 petit-
231 977 381 1056 querulae
414 976 565 1056 egestatis
595 977 674 1038 citra
705 977 870 1039 rationem.
916 975 1024 1057 Nuper
1047 977 1087 1039 nd
1111 977 1261 1043 fratrem'

127 1062 172 1123 sic
195 1063 277 1123 inter
300 1061 377 1123 alia:
410 1060 499 1158 ZNou
523 1061 614 1123 eredo
639 1082 694 1122 vos
719 1083 781 1123 uno
805 1066 893 1123 satos
916 1062 1064 1124 semine.“
1112 1061 1262 1128 Stolidus

127 1152 176 1208 est
204 1143 256 1207 καὶ
288 1144 439 1229 notoque
473 1134 579 1217 κακός.
625 1145 754 1208 Claudii
788 1147 849 1208 sibi
880 1147 1011 1227 januam
1047 1149 1200 1229 praesidii
1230 1157 1263 1213 et

128 1237 176 1294 est
200 1253 336 1312 nequam
361 1231 392 1293 in
417 1237 497 1293 cute.
544 1230 628 1293 llaec
652 1236 684 1292 et
708 1231 785 1293 talia
809 1232 922 1312 scripsi
944 1238 977 1293 et
998 1232 1143 1313 asperius
1165 1235 1262 1298 casti·

126 1313 451 1398 1111118111111111111111,3
482 1315 567 1397 quod
591 1316 802 1379 creditoribus
826 1338 889 1378 non
913 1322 1039 1380 curaret
1063 1317 1260 1382 satisfacere.

128 1401 237 1464 Fidem
274 1409 379 1464 autem
416 1423 517 1463 meam
553 1401 579 1462 si
612 1402 786 1473 insimulat,
825 1401 887 1464 sibi
925 1401 1079 1484 culpam·
1111 1403 1269 1485 imputet.¹

128 1485 262 1550 Promisi
298 1487 501 1549 trumentum.
548 1486 596 1548 Ad
627 1486 705 1548 haec
732 1488 778 1549 ita
806 1486 985 1568 respondit:
1023 1487 1125 1567 „Quid
1156 1489 1262 1569 juvat,

130 1593 201 1635 cum
225 1592 322 1652 parvo
346 1568 542 1634 vendatur?“
576 1572 667 1652 quasi
690 1571 822 1634 diceret:
860 1570 964 1650 „Uxor
987 1574 1068 1653 petit
1090 1575 1263 1654 pecuniam

133 1679 195 1719 non
219 1657 346 1737 quidem
370 1657 537 1731 modicam,
561 1656 664 1736 qualis
692 1657 812 1719 corradi
843 1658 984 1738 possita
1008 1663 1064 1720 tuo
1087 1660 1262 1737 frumento,

128 1742 182 1804 sed
218 1762 428 1817 numerosam,
460 1746 497 1804 ut
526 1742 593 1804 dies
623 1748 797 1822 noctesque
830 1743 1025 1828 pergraecari
1049 1749 1082 1805 et
1103 1739 1264 1821 κιχλίζειν

126 1828 346 1908 genialemque
370 1827 468 1890 vitam
492 1847 585 1907 agere
601 1827 732 1907 possit.“
772 1827 842 1891 Non
859 1831 967 1890 tamen
990 1828 1100 1890 destiti
1127 1829 1263 1900 hortari.

127 1917 164 1975 ut
187 1912 328 1975 mitteret
350 1911 504 1993 aurigam,
527 1912 577 1974 cui
602 1913 788 1975 traderetur.
833 1912 904 1976 Non
928 1913 1025 1975 misit.
1071 1913 1155 1990 Quid
1172 1915 1262 1979 aliud

128 1996 369 2078 promitterem?
414 1997 557 2061 Prodidit
581 2018 741 2074 arcanum,
766 1999 850 2080 quod
874 1998 956 2075 dedi,
980 1998 1150 2062 consilium
1168 2000 1263 2063 uxori

132 2103 229 2163 sagae
252 2087 284 2144 et
307 2081 400 2145 simul
436 2087 526 2145 tuum
561 2084 758 2162 propositum
793 2083 933 2147 invertit.
982 2081 1071 2165 „Non
1105 2083 1263 2166 placuit“,

129 2168 245 2247 inquit,
272 2167 429 2247 „Urbano
475 2167 577 2231 lussit
597 2166 754 2230 adesse.“‘
800 2168 878 2231 Cum
896 2169 1089 2245 advenisset,
1105 2171 1261 2235 cariorem

129 2253 241 2315 hahuit
264 2254 481 2332 nescioquam
499 2254 531 2315 in
549 2252 677 2316 fornice.
724 2253 776 2316 Sic
793 2260 963 2334 utrumque
980 2262 1122 2318 nostrum
1140 2254 1261 2320 lacerat

128 2345 160 2399 ot.
182 2342 289 2400 tamen
314 2338 353 2399 ab
378 2344 513 2418 utroque
537 2339 617 2418 petit
640 2340 805 2401 auxilium.
853 2339 945 2400 Dicat
961 2339 999 2401 de
1015 2362 1048 2402 se
1073 2338 1261 2405 Plautinum

127 2423 222 2485 illud:
250 2423 456 2504 „Quicunque
479 2431 554 2486 suut
577 2425 695 2504 quique
719 2425 804 2486 fuere
827 2431 884 2487 aut
907 2424 1005 2486 futuri
1027 2430 1103 2488 sunt
1123 2426 1262 2506 posthac

128 2508 611 2588 811111131011111,1111111181,
645 2510 744 2584 bardi,
781 2509 900 2586 blenni‚
934 2509 1021 2573 solus
1054 2531 1112 2590 ego
1148 2532 1263 2576 omnes

129 2595 271 2656 antecob
294 2592 480 2656 stultitia.“⁵
526 2592 724 2656 Musardum⁸
748 2596 778 2656 in
805 2595 952 2658 notitiam
984 2601 1125 2658 nostram
1159 2599 1262 2661 intru-

128 2679 209 2752 sisti,
233 2679 264 2741 in
290 2679 398 2763 eadem
422 2685 458 2741 ut
481 2701 514 2741 se
537 2701 703 2742 conserves
726 2686 805 2742 orat.
852 2679 919 2743 Tuo
943 2681 1070 2743 nomine
1096 2680 1176 2744 nihil
1196 2704 1261 2746 non

129 2764 242 2827 faciam
279 2770 375 2844 atque
411 2764 498 2828 illum
530 2764 687 2828 eruditum
718 2787 786 2828 esse
811 2765 928 2846 judico.
975 2765 1038 2829 Sed
1059 2765 1188 2829 Lotius⁷
1212 2773 1262 2831 est

195 2999 209 3027 ι
222 2983 326 3052 culpam
345 3000 392 3036 nm
409 2983 508 3036 Raude.
579 2986 689 3038 banteo.

200 3053 301 3104 ¹Naeh
329 3053 387 3104 dem
418 3053 476 3120 lolg.
502 3052 549 3103 der
571 3052 692 3104 Psortner
721 3067 771 3103 ron
795 3053 863 3104 Geor
879 3050 978 3111 onthal,
1008 3051 1054 3104 der
1076 3051 1163 3106 durch
1186 3054 1261 3108 soine

128 3119 240 3173 Betteloi
259 3120 336 3187 liistig
352 3120 404 3176 fiel.
423 3120 491 3173 uach
509 3124 614 3186 spatern
634 3121 736 3173 Bu'elen
755 3069 891 3187 (391411
912 3121 958 3172 des
976 3120 1049 3188 Cod.)
1067 3120 1110 3173 ein
1136 3120 1263 3176 lotioner

129 3189 181 3240 und
209 3189 325 3241 Mutians
353 3189 461 3256 Gognor.
499 3189 574 3241 Noelr
593 3189 636 3242 Br.
655 3189 706 3240 48¹2
724 3189 770 3239 des
788 3189 849 3241 uon.
872 3189 1009 3240 outsandto
1032 3204 1061 3240 er
1085 3188 1261 3244 Studiereude

128 3272 161 3308 zu
178 3256 294 3324 Spnlntin
314 3258 381 3309 uach
402 3258 572 3325 ll'ittonberg.
591 3258 688 3323 jedoeh
712 3257 775 3309 lioss
799 3256 930 3324 Spalatins
954 3256 1063 3322 Brudor,
1083 3257 1135 3310 urit
1152 3259 1215 3312 deni
1233 3276 1268 3313 er·

127 3325 208 3377 sehon
229 3326 286 3377 hier
304 3326 329 3376 iu
349 3326 520 3393 Verbindnng
547 3325 686 3383 erecheiut,
706 3325 747 3376 dio
768 3342 816 3377 ron
835 3325 953 3392 Spalatiu
971 3340 1003 3377 an
1022 3325 1064 3377 dio
1082 3325 1199 3380 Sclriiler
1216 3343 1265 3407 ge·

129 3394 252 3445 mnchteu
277 3394 468 3462 Geldauslageu
487 3412 537 3445 von
556 3395 605 3446 den
624 3394 713 3446 Eltorn
733 3410 792 3444 zum
811 3393 932 3446 Schndeu
950 3394 996 3445 des
1016 3393 1131 3447 Bruders
1149 3411 1183 3447 un
1202 3397 1264 3450 srch

129 3462 281 3514 nuszalrlen.
353 3465 362 3494 ²
381 3462 462 3514 Nieht
481 3462 579 3527 acinon,
598 3464 709 3514 soudern
727 3461 866 3528 Spalatins.
885 3463 927 3513 fiir
945 3462 995 3513 den
1013 3461 1268 3517 Mutianmoistdie

128 3531 255 3583 stelrendc
285 3530 472 3599 Bozeiehmmg
502 3534 580 3582 frater
614 3530 765 3596 gebraueht.
812 3530 927 3597 Stephon
959 3546 1012 3583 war
1040 3530 1136 3583 taktlos
1165 3548 1266 3602 genug.

128 3597 259 3664 Spalatins
286 3599 388 3651 Bruder
411 3616 444 3651 au
469 3600 510 3651 dio
529 3600 685 3651 unelrelielre
713 3599 812 3650 Gohurt
840 3598 970 3665 Spalatins
998 3614 1031 3650 zu
1059 3599 1190 3654 erinnem.

129 3668 139 3696 ³
157 3666 288 3734 Spalntirrs
307 3667 416 3730 Bruder,
435 3668 481 3719 der
500 3668 542 3719 eiu
561 3668 584 3719 13
588 3669 768 3719 uterkommen
786 3667 813 3718 in
832 3666 1005 3734 Georgeuthul
1027 3667 1159 3734 golundon
1178 3669 1267 3721 hatte.

124 3735 219 3800 jedoclr
240 3736 372 3788 Sehulden
393 3737 498 3789 mnclrte
512 3737 564 3788 uud
583 3753 633 3787 ron
652 3735 1124 3803 MutinaUntorstutzungverlangtn.
1143 3735 1188 3788 ΒΓ.
1202 3737 1262 3790 1119.

146 3803 202 3854 ‘lu
216 3804 397 3871 Georgentlrul.
443 3804 784 3863 ὓ1’11111..111ιοο]1111.1,1
842 3802 995 3855 8lleinrich
1009 3803 1159 3865 Musonius,
1169 3804 1264 3858 Nach-

128 3871 209 3938 lolger
229 3872 359 3925 Ilm-borda
378 3873 403 3924 in
423 3872 597 3940 Georgentlral
621 3877 689 3925 etna
707 3872 757 3924 suit
775 3870 867 3923 tlstorn
889 3872 955 3924 1512
975 3871 1015 3923 bie
1032 3872 1100 3924 nach
1122 3875 1198 3937 1515,
1217 3874 1263 3926 oin

130 3939 307 3993 Bewunderor
334 3941 456 4005 llutians,
484 3944 531 3994 dor
554 3942 613 3992 dem
638 3941 744 3992 ’.1111111111
762 3941 816 3991 und
834 3940 942 3992 Strolren
961 3941 1008 3991 des
1025 3940 1191 4008 »liinglings«
1208 3941 1259 3994 Go-

129 4009 286 4076 reclrtigkoit
314 4010 485 4062 u'idertnhren
513 4010 583 4072 licea,
611 4010 673 4061 aber
700 4009 759 4060 hald
785 4009 810 4060 iu
835 4008 934 4059 seinom
963 4007 1123 4060 Missunuen
1146 4010 1195 4062 ihu
1218 4009 1259 4062 1111

128 4077 203 4128 elnon
223 4078 346 4130 lotinucr
363 4078 429 4129 hielt
447 4079 500 4129 und
519 4079 575 4130 sich
595 4079 666 4129 scine
685 4077 838 4128 Geselrenke
857 4077 910 4128 und
929 4075 1015 4128 Briofe
1027 4077 1128 4131 rerbat.
1157 4076 1258 4130 Muu'an

130 4144 282 4198 lrozoielruct
310 4147 354 4197 11111
381 4146 406 4198 in
431 4146 474 4198 Bu.
501 4146 550 4198 258
575 4145 958 4209 (11131“ο(.1.1113πατριώτης(1.
978 4145 993 4197 i.
1013 4143 1191 4198 Landsmanu.

130 4214 331 4267 1(11·11111113111111·
357 4215 515 4266 tleistlieher
534 4215 586 4266 uud
605 4214 672 4266 alter
689 4216 792 4280 linguar
810 4212 925 4264 lllutians
944 4213 998 4281 (Br.
1016 4212 1070 4278 811).
1106 4213 1144 4266 Ea
1200 4213 1258 4280 lang

132 4280 187 4332 ihm
209 4283 250 4334 dio
269 4283 469 4350 Myssonerselre
488 4283 611 4343 Plriiudo,
631 4283 672 4334 dio
692 4298 752 4333 rom
772 4281 949 4332 llotlmisehen
962 4281 1257 4349 Magistratus-eruum

131 4350 308 4417 11’111·1111>]’11111
328 4350 875 4418 111111111111011111111111111111,1111111111
900 4349 1002 4401 Mutina
1025 4349 1083 4401 sicli
1108 4348 1257 4419 vergebant

129 4420 175 4469 11111
190 4419 263 4470 seiae
282 4436 341 4472 vom
362 4419 519 4472 Kurliirstou
539 4420 593 4471 ihm
614 4420 780 4471 verlielreneu
800 4418 931 4470 Anroehto
945 4417 1033 4470 horici.
1060 4417 1157 4472 Iliofol
1208 4418 1257 4472 den

128 4485 215 4538 Briolo
233 4488 291 4539 sind
312 4488 363 4539 roll
383 4506 432 4540 ron
452 4489 550 4540 diesem
576 4489 772 4540 »lotionisolrou
799 4486 931 4553 Botrugo,
954 4486 1051 4554 jodooh
1077 4487 1140 4540 rand
1185 4485 1257 4541 utini

129 4555 169 4606 hei
190 4555 277 4609 Urbau
297 4558 353 4609 und
373 4559 469 4609 andorn
492 4557 609 4609 Erlurter
635 4557 655 4609 F
657 4557 770 4608 rouudou
796 4556 845 4607 wio
868 4555 1032 4622 Stinuueriug
1056 4555 1135 4608 keiue
1162 4555 1258 4610 Untor·

128 4626 261 4693 stiitzuug‚
281 4641 384 4678 nereus
402 4642 463 4678 mau
481 4625 626 4678 selrliosseu
645 4626 709 4689 dari,
728 4625 788 4676 dass
806 4640 835 4676 er
852 4624 909 4676 sich
924 4638 975 4675 rou
988 4624 1088 4676 soinem
1101 4620 1260 4678 Zomeuher
