<?xml version="1.0" encoding="UTF-8"?>
<!DOCTYPE html PUBLIC "-//W3C//DTD XHTML 1.0 Transitional//EN"
    "http://www.w3.org/TR/xhtml1/DTD/xhtml1-transitional.dtd">
<html xmlns="http://www.w3.org/1999/xhtml" xml:lang="en" lang="en">
 <head>
  <title>
</title>
<meta http-equiv="Content-Type" content="text/html;charset=utf-8" />
  <meta name='ocr-system' content='tesseract 3.04.00' />
  <meta name='ocr-capabilities' content='ocr_page ocr_carea ocr_par ocr_line ocrx_word'/>
</head>
<body>
  <div class='ocr_page' id='page_1' title='image "./derbriefwechsel00kraugoog_0655.png"; bbox 0 0 2774 4966; ppageno 0'>
   <div class='ocr_carea' id='block_1_1' title="bbox 408 39 1381 256">
    <p class='ocr_par' dir='ltr' id='par_1_1' title="bbox 408 39 1381 256">
     <span class='ocr_line' id='line_1_1' title="bbox 420 39 1381 256; baseline 0.004 -4"><span class='ocrx_word' id='word_1_1' title='bbox 420 39 1381 256; x_wconf 89' lang='lat'>-</span> 
     </span>
     <span class='ocr_line' id='line_1_2' title="bbox 408 98 467 117; baseline 0 0"><span class='ocrx_word' id='word_1_2' title='bbox 408 100 411 105; x_wconf 92' lang='lat'><strong><em>¹</em></strong></span> <span class='ocrx_word' id='word_1_3' title='bbox 460 98 467 117; x_wconf 58' lang='lat' dir='ltr'>A</span> 
     </span>
    </p>
   </div>
   <div class='ocr_carea' id='block_1_2' title="bbox 146 602 856 668">
    <p class='ocr_par' dir='ltr' id='par_1_2' title="bbox 146 602 856 668">
     <span class='ocr_line' id='line_1_3' title="bbox 146 602 856 668; baseline -0.02 1"><span class='ocrx_word' id='word_1_4' title='bbox 146 603 210 668; x_wconf 84' lang='grc'>568</span> <span class='ocrx_word' id='word_1_5' title='bbox 566 602 653 657; x_wconf 82' lang='lat' dir='ltr'>Brieie</span> <span class='ocrx_word' id='word_1_6' title='bbox 670 602 717 657; x_wconf 86' lang='lat' dir='ltr'>des</span> <span class='ocrx_word' id='word_1_7' title='bbox 736 602 761 658; x_wconf 85' lang='lat' dir='ltr'>J.</span> <span class='ocrx_word' id='word_1_8' title='bbox 781 602 856 657; x_wconf 80' lang='lat'>1515.</span> 
     </span>
    </p>
   </div>
   <div class='ocr_carea' id='block_1_3' title="bbox 149 774 1287 1371">
    <p class='ocr_par' dir='ltr' id='par_1_3' title="bbox 149 774 1287 1371">
     <span class='ocr_line' id='line_1_4' title="bbox 154 774 1285 859; baseline -0.003 -18"><span class='ocrx_word' id='word_1_9' title='bbox 154 775 281 859; x_wconf 86' lang='lat' dir='ltr'>publice</span> <span class='ocrx_word' id='word_1_10' title='bbox 304 776 401 857; x_wconf 83' lang='lat' dir='ltr'>virgis</span> <span class='ocrx_word' id='word_1_11' title='bbox 425 798 551 842; x_wconf 87' lang='lat' dir='ltr'>caesum</span> <span class='ocrx_word' id='word_1_12' title='bbox 577 780 608 838; x_wconf 89' lang='lat' dir='ltr'>et</span> <span class='ocrx_word' id='word_1_13' title='bbox 632 798 703 839; x_wconf 88' lang='lat' dir='ltr'>cum</span> <span class='ocrx_word' id='word_1_14' title='bbox 727 774 902 858; x_wconf 81' lang='lat' dir='ltr'>ignominia</span> <span class='ocrx_word' id='word_1_15' title='bbox 924 776 1071 858; x_wconf 84' lang='lat' dir='ltr'>fugatum</span> <span class='ocrx_word' id='word_1_16' title='bbox 1088 774 1285 839; x_wconf 84' lang='lat' dir='ltr'>extermina·</span> 
     </span>
     <span class='ocr_line' id='line_1_5' title="bbox 149 860 1287 944; baseline -0.002 -18"><span class='ocrx_word' id='word_1_17' title='bbox 149 867 284 942; x_wconf 89' lang='lat' dir='ltr'>tumque</span> <span class='ocrx_word' id='word_1_18' title='bbox 307 861 414 925; x_wconf 87' lang='lat' dir='ltr'>fuisse.</span> <span class='ocrx_word' id='word_1_19' title='bbox 462 863 521 925; x_wconf 91' lang='lat' dir='ltr'>Alii</span> <span class='ocrx_word' id='word_1_20' title='bbox 547 861 688 924; x_wconf 85' lang='lat' dir='ltr'>referunt</span> <span class='ocrx_word' id='word_1_21' title='bbox 710 862 741 924; x_wconf 92' lang='lat' dir='ltr'>in</span> <span class='ocrx_word' id='word_1_22' title='bbox 766 862 897 926; x_wconf 85' lang='lat' dir='ltr'>civitate</span> <span class='ocrx_word' id='word_1_23' title='bbox 920 861 1033 944; x_wconf 85' lang='lat' dir='ltr'>Mysna</span> <span class='ocrx_word' id='word_1_24' title='bbox 1056 860 1165 925; x_wconf 86' lang='lat' dir='ltr'>eadem</span> <span class='ocrx_word' id='word_1_25' title='bbox 1182 880 1287 944; x_wconf 88' lang='lat' dir='ltr'>poena</span> 
     </span>
     <span class='ocr_line' id='line_1_6' title="bbox 151 946 1285 1028; baseline -0.003 -17"><span class='ocrx_word' id='word_1_26' title='bbox 151 948 343 1028; x_wconf 83' lang='lat' dir='ltr'>castigatum</span> <span class='ocrx_word' id='word_1_27' title='bbox 363 952 435 1028; x_wconf 86' lang='lat' dir='ltr'>post</span> <span class='ocrx_word' id='word_1_28' title='bbox 452 948 593 1011; x_wconf 91' lang='lat' dir='ltr'>diuturni</span> <span class='ocrx_word' id='word_1_29' title='bbox 611 947 795 1010; x_wconf 85' lang='lat' dir='ltr'>carceriset</span> <span class='ocrx_word' id='word_1_30' title='bbox 812 946 1009 1011; x_wconf 89' lang='lat' dir='ltr'>vinculorum</span> <span class='ocrx_word' id='word_1_31' title='bbox 1028 946 1285 1010; x_wconf 82' lang='lat' dir='ltr'>macerationem.</span> 
     </span>
     <span class='ocr_line' id='line_1_7' title="bbox 151 1030 1287 1114; baseline 0 -18"><span class='ocrx_word' id='word_1_32' title='bbox 151 1032 223 1096; x_wconf 86' lang='lat' dir='ltr'>Nec</span> <span class='ocrx_word' id='word_1_33' title='bbox 255 1033 381 1110; x_wconf 80' lang='lat' dir='ltr'>desunt,</span> <span class='ocrx_word' id='word_1_34' title='bbox 416 1034 470 1114; x_wconf 91' lang='lat' dir='ltr'>qni</span> <span class='ocrx_word' id='word_1_35' title='bbox 504 1033 621 1096; x_wconf 88' lang='lat' dir='ltr'>vidisse</span> <span class='ocrx_word' id='word_1_36' title='bbox 659 1033 777 1095; x_wconf 87' lang='lat' dir='ltr'>dicant.</span> <span class='ocrx_word' id='word_1_37' title='bbox 835 1030 912 1095; x_wconf 84' lang='lat' dir='ltr'>Tale</span> <span class='ocrx_word' id='word_1_38' title='bbox 946 1036 1122 1096; x_wconf 90' lang='lat' dir='ltr'>monstrum</span> <span class='ocrx_word' id='word_1_39' title='bbox 1158 1031 1221 1096; x_wconf 92' lang='lat' dir='ltr'>diis</span> <span class='ocrx_word' id='word_1_40' title='bbox 1253 1035 1287 1096; x_wconf 85' lang='lat' dir='ltr'>et</span> 
     </span>
     <span class='ocr_line' id='line_1_8' title="bbox 150 1117 1286 1201; baseline 0 -20"><span class='ocrx_word' id='word_1_41' title='bbox 150 1117 335 1182; x_wconf 89' lang='lat' dir='ltr'>hominibus</span> <span class='ocrx_word' id='word_1_42' title='bbox 373 1119 525 1182; x_wconf 87' lang='lat' dir='ltr'>infestum</span> <span class='ocrx_word' id='word_1_43' title='bbox 564 1141 639 1181; x_wconf 89' lang='lat' dir='ltr'>suas</span> <span class='ocrx_word' id='word_1_44' title='bbox 679 1118 909 1200; x_wconf 79' lang='lat' dir='ltr'>perditissimus</span> <span class='ocrx_word' id='word_1_45' title='bbox 947 1120 1140 1201; x_wconf 88' lang='lat' dir='ltr'>imposturas</span> <span class='ocrx_word' id='word_1_46' title='bbox 1174 1117 1286 1182; x_wconf 87' lang='lat' dir='ltr'>attulit</span> 
     </span>
     <span class='ocr_line' id='line_1_9' title="bbox 151 1200 1286 1286; baseline -0.001 -19"><span class='ocrx_word' id='word_1_47' title='bbox 151 1202 370 1268; x_wconf 87' lang='lat' dir='ltr'>Schonatibus</span> <span class='ocrx_word' id='word_1_48' title='bbox 409 1204 536 1268; x_wconf 81' lang='lat' dir='ltr'>favente</span> <span class='ocrx_word' id='word_1_49' title='bbox 582 1204 733 1267; x_wconf 88' lang='lat' dir='ltr'>Duronio.</span> <span class='ocrx_word' id='word_1_50' title='bbox 795 1202 1040 1268; x_wconf 83' lang='lat' dir='ltr'>Contionatores</span> <span class='ocrx_word' id='word_1_51' title='bbox 1078 1202 1174 1286; x_wconf 89' lang='lat' dir='ltr'>hujus</span> <span class='ocrx_word' id='word_1_52' title='bbox 1210 1200 1286 1267; x_wconf 90' lang='lat' dir='ltr'>cleri</span> 
     </span>
     <span class='ocr_line' id='line_1_10' title="bbox 149 1287 1286 1371; baseline -0.001 -19"><span class='ocrx_word' id='word_1_53' title='bbox 149 1289 284 1371; x_wconf 84' lang='lat' dir='ltr'>grandia</span> <span class='ocrx_word' id='word_1_54' title='bbox 317 1288 495 1371; x_wconf 89' lang='lat' dir='ltr'>loquuntur</span> <span class='ocrx_word' id='word_1_55' title='bbox 518 1290 549 1351; x_wconf 92' lang='lat' dir='ltr'>in</span> <span class='ocrx_word' id='word_1_56' title='bbox 575 1289 720 1352; x_wconf 88' lang='lat' dir='ltr'>credulos</span> <span class='ocrx_word' id='word_1_57' title='bbox 744 1294 776 1351; x_wconf 87' lang='lat' dir='ltr'>et</span> <span class='ocrx_word' id='word_1_58' title='bbox 807 1291 957 1352; x_wconf 89' lang='lat' dir='ltr'>territant</span> <span class='ocrx_word' id='word_1_59' title='bbox 990 1288 1156 1353; x_wconf 85' lang='lat' dir='ltr'>horrendis</span> <span class='ocrx_word' id='word_1_60' title='bbox 1191 1287 1286 1353; x_wconf 91' lang='lat' dir='ltr'>minis</span> 
     </span>
    </p>
   </div>
   <div class='ocr_carea' id='block_1_4' title="bbox 147 1372 1289 2656">
    <p class='ocr_par' dir='ltr' id='par_1_4' title="bbox 147 1372 1289 2656">
     <span class='ocr_line' id='line_1_11' title="bbox 149 1372 1284 1457; baseline -0.002 -19"><span class='ocrx_word' id='word_1_61' title='bbox 149 1396 325 1451; x_wconf 81' lang='lat' dir='ltr'>universos,</span> <span class='ocrx_word' id='word_1_62' title='bbox 342 1376 397 1457; x_wconf 91' lang='lat' dir='ltr'>qui</span> <span class='ocrx_word' id='word_1_63' title='bbox 413 1372 629 1451; x_wconf 65' lang='lat' dir='ltr'>nclcpwciov&#39;</span> <span class='ocrx_word' id='word_1_64' title='bbox 650 1375 744 1436; x_wconf 86' lang='lat' dir='ltr'>istum</span> <span class='ocrx_word' id='word_1_65' title='bbox 763 1375 958 1438; x_wconf 87' lang='lat' dir='ltr'>consuluere.</span> <span class='ocrx_word' id='word_1_66' title='bbox 993 1373 1033 1436; x_wconf 77' lang='lat' dir='ltr'>ut</span> <span class='ocrx_word' id='word_1_67' title='bbox 1044 1378 1128 1439; x_wconf 88' lang='lat' dir='ltr'>recte</span> <span class='ocrx_word' id='word_1_68' title='bbox 1144 1374 1284 1455; x_wconf 90' lang='lat' dir='ltr'>quidem.</span> 
     </span>
     <span class='ocr_line' id='line_1_12' title="bbox 148 1459 1285 1541; baseline 0 -19"><span class='ocrx_word' id='word_1_69' title='bbox 148 1460 246 1522; x_wconf 85' lang='lat' dir='ltr'>Nefas</span> <span class='ocrx_word' id='word_1_70' title='bbox 275 1462 323 1521; x_wconf 91' lang='lat' dir='ltr'>est</span> <span class='ocrx_word' id='word_1_71' title='bbox 351 1461 433 1523; x_wconf 91' lang='lat' dir='ltr'>enim</span> <span class='ocrx_word' id='word_1_72' title='bbox 468 1460 555 1522; x_wconf 89' lang='lat' dir='ltr'>adire</span> <span class='ocrx_word' id='word_1_73' title='bbox 590 1459 718 1541; x_wconf 89' lang='lat' dir='ltr'>planum</span> <span class='ocrx_word' id='word_1_74' title='bbox 756 1460 943 1536; x_wconf 87' lang='lat' dir='ltr'>maleficum,</span> <span class='ocrx_word' id='word_1_75' title='bbox 978 1459 1112 1523; x_wconf 89' lang='lat' dir='ltr'>stultum</span> <span class='ocrx_word' id='word_1_76' title='bbox 1148 1459 1285 1533; x_wconf 83' lang='lat' dir='ltr'>credere,</span> 
     </span>
     <span class='ocr_line' id='line_1_13' title="bbox 150 1544 1285 1628; baseline -0.001 -20"><span class='ocrx_word' id='word_1_77' title='bbox 150 1545 282 1627; x_wconf 91' lang='lat' dir='ltr'>impium</span> <span class='ocrx_word' id='word_1_78' title='bbox 308 1544 387 1608; x_wconf 88' lang='lat' dir='ltr'>lalso</span> <span class='ocrx_word' id='word_1_79' title='bbox 411 1546 583 1628; x_wconf 84' lang='lat' dir='ltr'>prophetae</span> <span class='ocrx_word' id='word_1_80' title='bbox 614 1545 688 1607; x_wconf 79' lang='lat' dir='ltr'>clare</span> <span class='ocrx_word' id='word_1_81' title='bbox 722 1546 897 1625; x_wconf 89' lang='lat' dir='ltr'>pecuniam.</span> <span class='ocrx_word' id='word_1_82' title='bbox 943 1545 1025 1621; x_wconf 85' lang='lat' dir='ltr'>Quid</span> <span class='ocrx_word' id='word_1_83' title='bbox 1056 1545 1116 1609; x_wconf 91' lang='lat' dir='ltr'>hoc</span> <span class='ocrx_word' id='word_1_84' title='bbox 1148 1565 1285 1608; x_wconf 89' lang='lat' dir='ltr'>comme·</span> 
     </span>
     <span class='ocr_line' id='line_1_14' title="bbox 150 1627 1285 1712; baseline -0.002 -18"><span class='ocrx_word' id='word_1_85' title='bbox 150 1651 270 1694; x_wconf 85' lang='lat' dir='ltr'>mores:</span> <span class='ocrx_word' id='word_1_86' title='bbox 304 1631 457 1712; x_wconf 84' lang='lat' dir='ltr'>virginem</span> <span class='ocrx_word' id='word_1_87' title='bbox 483 1629 648 1704; x_wconf 82' lang='lat' dir='ltr'>collocare,</span> <span class='ocrx_word' id='word_1_88' title='bbox 671 1634 706 1692; x_wconf 86' lang='lat' dir='ltr'>ut</span> <span class='ocrx_word' id='word_1_89' title='bbox 730 1651 788 1694; x_wconf 92' lang='lat' dir='ltr'>suo</span> <span class='ocrx_word' id='word_1_90' title='bbox 812 1631 905 1711; x_wconf 80' lang='lat' dir='ltr'>genio</span> <span class='ocrx_word' id='word_1_91' title='bbox 929 1629 1056 1694; x_wconf 87' lang='lat' dir='ltr'>abunde</span> <span class='ocrx_word' id='word_1_92' title='bbox 1080 1627 1285 1712; x_wconf 82' lang='lat' dir='ltr'>indulgeat?²</span> 
     </span>
     <span class='ocr_line' id='line_1_15' title="bbox 150 1715 1285 1799; baseline 0 -20"><span class='ocrx_word' id='word_1_93' title='bbox 150 1719 230 1779; x_wconf 88' lang='lat' dir='ltr'>Acta</span> <span class='ocrx_word' id='word_1_94' title='bbox 261 1720 337 1779; x_wconf 89' lang='lat' dir='ltr'>sunt</span> <span class='ocrx_word' id='word_1_95' title='bbox 368 1715 446 1780; x_wconf 90' lang='lat' dir='ltr'>haec</span> <span class='ocrx_word' id='word_1_96' title='bbox 469 1717 500 1778; x_wconf 93' lang='lat' dir='ltr'>in</span> <span class='ocrx_word' id='word_1_97' title='bbox 526 1716 666 1778; x_wconf 85' lang='lat' dir='ltr'>maximo</span> <span class='ocrx_word' id='word_1_98' title='bbox 698 1715 775 1778; x_wconf 87' lang='lat' dir='ltr'>luxu</span> <span class='ocrx_word' id='word_1_99' title='bbox 800 1722 832 1778; x_wconf 82' lang='lat' dir='ltr'>et</span> <span class='ocrx_word' id='word_1_100' title='bbox 855 1715 971 1780; x_wconf 83' lang='lat' dir='ltr'>celebri</span> <span class='ocrx_word' id='word_1_101' title='bbox 1000 1715 1155 1799; x_wconf 85' lang='lat' dir='ltr'>applausu</span> <span class='ocrx_word' id='word_1_102' title='bbox 1186 1715 1285 1799; x_wconf 90' lang='lat' dir='ltr'>pluri·</span> 
     </span>
     <span class='ocr_line' id='line_1_16' title="bbox 149 1799 1284 1884; baseline 0 -19"><span class='ocrx_word' id='word_1_103' title='bbox 149 1822 282 1865; x_wconf 90' lang='lat' dir='ltr'>morum.</span> <span class='ocrx_word' id='word_1_104' title='bbox 329 1799 390 1864; x_wconf 85' lang='lat' dir='ltr'>Sed</span> <span class='ocrx_word' id='word_1_105' title='bbox 416 1801 579 1864; x_wconf 87' lang='lat' dir='ltr'>videamus</span> <span class='ocrx_word' id='word_1_106' title='bbox 602 1803 735 1864; x_wconf 84' lang='lat' dir='ltr'>exitum.</span> <span class='ocrx_word' id='word_1_107' title='bbox 783 1801 849 1881; x_wconf 83' lang='lat' dir='ltr'>Ego</span> <span class='ocrx_word' id='word_1_108' title='bbox 872 1802 978 1865; x_wconf 89' lang='lat' dir='ltr'>videre</span> <span class='ocrx_word' id='word_1_109' title='bbox 1009 1802 1102 1884; x_wconf 92' lang='lat' dir='ltr'>cupio</span> <span class='ocrx_word' id='word_1_110' title='bbox 1132 1799 1284 1865; x_wconf 78' lang='lat' dir='ltr'>Codicum</span> 
     </span>
     <span class='ocr_line' id='line_1_17' title="bbox 148 1883 1288 1969; baseline 0 -18"><span class='ocrx_word' id='word_1_111' title='bbox 148 1887 336 1961; x_wconf 78' lang='lat' dir='ltr'>Justiniani,</span> <span class='ocrx_word' id='word_1_112' title='bbox 369 1909 461 1969; x_wconf 88' lang='lat' dir='ltr'>quem</span> <span class='ocrx_word' id='word_1_113' title='bbox 498 1883 664 1950; x_wconf 80' lang='lat' dir='ltr'>Cecusius³</span> <span class='ocrx_word' id='word_1_114' title='bbox 696 1886 920 1951; x_wconf 81' lang='lat' dir='ltr'>commodabit.</span> <span class='ocrx_word' id='word_1_115' title='bbox 968 1887 1012 1951; x_wconf 80' lang='lat' dir='ltr'>llo</span> <span class='ocrx_word' id='word_1_116' title='bbox 1043 1909 1149 1951; x_wconf 89' lang='lat' dir='ltr'>carere</span> <span class='ocrx_word' id='word_1_117' title='bbox 1178 1891 1288 1969; x_wconf 85' lang='lat' dir='ltr'>potest</span> 
     </span>
     <span class='ocr_line' id='line_1_18' title="bbox 149 1971 1288 2054; baseline 0 -18"><span class='ocrx_word' id='word_1_118' title='bbox 149 1973 200 2036; x_wconf 92' lang='lat' dir='ltr'>his</span> <span class='ocrx_word' id='word_1_119' title='bbox 223 1973 351 2035; x_wconf 84' lang='lat' dir='ltr'>rusticis</span> <span class='ocrx_word' id='word_1_120' title='bbox 375 1973 524 2037; x_wconf 90' lang='lat' dir='ltr'>messium</span> <span class='ocrx_word' id='word_1_121' title='bbox 547 1971 645 2048; x_wconf 87' lang='lat' dir='ltr'>feriis,</span> <span class='ocrx_word' id='word_1_122' title='bbox 679 1992 873 2054; x_wconf 83' lang='lat' dir='ltr'>quamquam</span> <span class='ocrx_word' id='word_1_123' title='bbox 909 1973 974 2036; x_wconf 89' lang='lat' dir='ltr'>cito</span> <span class='ocrx_word' id='word_1_124' title='bbox 1008 1973 1179 2036; x_wconf 83' lang='lat' dir='ltr'>remittam.</span> <span class='ocrx_word' id='word_1_125' title='bbox 1226 1972 1288 2037; x_wconf 90' lang='lat' dir='ltr'>Hic</span> 
     </span>
     <span class='ocr_line' id='line_1_19' title="bbox 147 2056 1287 2141; baseline -0.001 -18"><span class='ocrx_word' id='word_1_126' title='bbox 147 2066 197 2123; x_wconf 91' lang='lat' dir='ltr'>est</span> <span class='ocrx_word' id='word_1_127' title='bbox 220 2057 272 2122; x_wconf 91' lang='lat' dir='ltr'>ille</span> <span class='ocrx_word' id='word_1_128' title='bbox 296 2056 413 2130; x_wconf 79' lang='lat' dir='ltr'>Gelruss</span> <span class='ocrx_word' id='word_1_129' title='bbox 430 2059 582 2141; x_wconf 83' lang='lat' dir='ltr'>magister</span> <span class='ocrx_word' id='word_1_130' title='bbox 598 2063 630 2121; x_wconf 92' lang='lat' dir='ltr'>et</span> <span class='ocrx_word' id='word_1_131' title='bbox 642 2057 724 2139; x_wconf 91' lang='lat' dir='ltr'>juris</span> <span class='ocrx_word' id='word_1_132' title='bbox 740 2058 903 2123; x_wconf 89' lang='lat' dir='ltr'>studiosus</span> <span class='ocrx_word' id='word_1_133' title='bbox 919 2059 979 2123; x_wconf 88' lang='lat' dir='ltr'>tibi</span> <span class='ocrx_word' id='word_1_134' title='bbox 996 2062 1103 2123; x_wconf 87' lang='lat' dir='ltr'>notus.</span> <span class='ocrx_word' id='word_1_135' title='bbox 1144 2058 1287 2123; x_wconf 89' lang='lat' dir='ltr'>Dicimus</span> 
     </span>
     <span class='ocr_line' id='line_1_20' title="bbox 151 2141 1287 2227; baseline 0.001 -19"><span class='ocrx_word' id='word_1_136' title='bbox 151 2143 179 2208; x_wconf 82' lang='lat' dir='ltr'><strong>G</strong></span> <span class='ocrx_word' id='word_1_137' title='bbox 205 2164 261 2226; x_wconf 90' lang='lat' dir='ltr'>pro</span> <span class='ocrx_word' id='word_1_138' title='bbox 285 2143 310 2207; x_wconf 85' lang='lat' dir='ltr'>C</span> <span class='ocrx_word' id='word_1_139' title='bbox 332 2149 365 2208; x_wconf 91' lang='lat' dir='ltr'>et</span> <span class='ocrx_word' id='word_1_140' title='bbox 387 2143 556 2209; x_wconf 90' lang='lat' dir='ltr'>scribimus</span> <span class='ocrx_word' id='word_1_141' title='bbox 578 2147 683 2207; x_wconf 87' lang='lat' dir='ltr'>tamen</span> <span class='ocrx_word' id='word_1_142' title='bbox 709 2142 744 2221; x_wconf 86' lang='lat' dir='ltr'>C,</span> <span class='ocrx_word' id='word_1_143' title='bbox 768 2148 804 2207; x_wconf 91' lang='lat' dir='ltr'>ut</span> <span class='ocrx_word' id='word_1_144' title='bbox 834 2142 949 2221; x_wconf 86' lang='lat' dir='ltr'>Gneus,</span> <span class='ocrx_word' id='word_1_145' title='bbox 984 2143 1091 2227; x_wconf 84' lang='lat' dir='ltr'>Cujus,</span> <span class='ocrx_word' id='word_1_146' title='bbox 1125 2141 1287 2223; x_wconf 83' lang='lat' dir='ltr'>Curculio,</span> 
     </span>
     <span class='ocr_line' id='line_1_21' title="bbox 149 2227 1288 2313; baseline 0 -19"><span class='ocrx_word' id='word_1_147' title='bbox 149 2228 270 2294; x_wconf 85' lang='lat' dir='ltr'>Cicero.</span> <span class='ocrx_word' id='word_1_148' title='bbox 316 2228 428 2313; x_wconf 88' lang='lat' dir='ltr'>ltaque</span> <span class='ocrx_word' id='word_1_149' title='bbox 463 2227 630 2293; x_wconf 89' lang='lat' dir='ltr'>Cecnsium</span> <span class='ocrx_word' id='word_1_150' title='bbox 665 2228 821 2293; x_wconf 85' lang='lat' dir='ltr'>salutabis</span> <span class='ocrx_word' id='word_1_151' title='bbox 854 2230 1057 2313; x_wconf 85' lang='lat' dir='ltr'>rogabisque,</span> <span class='ocrx_word' id='word_1_152' title='bbox 1080 2233 1118 2294; x_wconf 92' lang='lat' dir='ltr'>ut</span> <span class='ocrx_word' id='word_1_153' title='bbox 1139 2229 1189 2295; x_wconf 86' lang='lat' dir='ltr'>vel</span> <span class='ocrx_word' id='word_1_154' title='bbox 1212 2250 1288 2313; x_wconf 85' lang='lat' dir='ltr'>pro-</span> 
     </span>
     <span class='ocr_line' id='line_1_22' title="bbox 147 2313 1285 2399; baseline 0 -20"><span class='ocrx_word' id='word_1_155' title='bbox 147 2317 250 2399; x_wconf 92' lang='lat' dir='ltr'>prium</span> <span class='ocrx_word' id='word_1_156' title='bbox 275 2314 324 2379; x_wconf 89' lang='lat' dir='ltr'>vel</span> <span class='ocrx_word' id='word_1_157' title='bbox 348 2316 486 2380; x_wconf 87' lang='lat' dir='ltr'>alienum</span> <span class='ocrx_word' id='word_1_158' title='bbox 523 2314 662 2378; x_wconf 86' lang='lat' dir='ltr'>codicem</span> <span class='ocrx_word' id='word_1_159' title='bbox 692 2316 725 2378; x_wconf 93' lang='lat' dir='ltr'>in</span> <span class='ocrx_word' id='word_1_160' title='bbox 755 2336 874 2397; x_wconf 90' lang='lat' dir='ltr'>paucos</span> <span class='ocrx_word' id='word_1_161' title='bbox 909 2314 985 2379; x_wconf 93' lang='lat' dir='ltr'>mihi</span> <span class='ocrx_word' id='word_1_162' title='bbox 1021 2315 1088 2380; x_wconf 90' lang='lat' dir='ltr'>dies</span> <span class='ocrx_word' id='word_1_163' title='bbox 1120 2313 1285 2381; x_wconf 90' lang='lat' dir='ltr'>exhibeat.</span> 
     </span>
     <span class='ocr_line' id='line_1_23' title="bbox 150 2400 1288 2485; baseline 0 -19"><span class='ocrx_word' id='word_1_164' title='bbox 150 2404 313 2466; x_wconf 79' lang='lat' dir='ltr'>Autumno</span> <span class='ocrx_word' id='word_1_165' title='bbox 347 2403 492 2485; x_wconf 83' lang='lat' dir='ltr'>proximo</span> <span class='ocrx_word' id='word_1_166' title='bbox 515 2401 642 2483; x_wconf 76' lang='lat' dir='ltr'>siquid</span> <span class='ocrx_word' id='word_1_167' title='bbox 667 2400 697 2463; x_wconf 94' lang='lat' dir='ltr'>in</span> <span class='ocrx_word' id='word_1_168' title='bbox 724 2401 826 2483; x_wconf 88' lang='lat' dir='ltr'>patria</span> <span class='ocrx_word' id='word_1_169' title='bbox 858 2402 979 2482; x_wconf 85' lang='lat' dir='ltr'>negotii</span> <span class='ocrx_word' id='word_1_170' title='bbox 1011 2401 1218 2484; x_wconf 86' lang='lat' dir='ltr'>expediturus</span> <span class='ocrx_word' id='word_1_171' title='bbox 1241 2424 1288 2481; x_wconf 79' lang='lat' dir='ltr'>es,</span> 
     </span>
     <span class='ocr_line' id='line_1_24' title="bbox 150 2486 1289 2570; baseline 0.001 -19"><span class='ocrx_word' id='word_1_172' title='bbox 150 2488 213 2552; x_wconf 92' lang='lat' dir='ltr'>ibis</span> <span class='ocrx_word' id='word_1_173' title='bbox 238 2487 279 2549; x_wconf 88' lang='lat' dir='ltr'>ad</span> <span class='ocrx_word' id='word_1_174' title='bbox 302 2488 463 2551; x_wconf 88' lang='lat' dir='ltr'>nundinas</span> <span class='ocrx_word' id='word_1_175' title='bbox 487 2508 558 2549; x_wconf 90' lang='lat' dir='ltr'>cum</span> <span class='ocrx_word' id='word_1_176' title='bbox 581 2509 652 2550; x_wconf 91' lang='lat' dir='ltr'>mea</span> <span class='ocrx_word' id='word_1_177' title='bbox 669 2486 827 2568; x_wconf 63' lang='lat' dir='ltr'>pecunia*</span> <span class='ocrx_word' id='word_1_178' title='bbox 873 2487 944 2550; x_wconf 84' lang='lat' dir='ltr'>Non</span> <span class='ocrx_word' id='word_1_179' title='bbox 961 2487 1084 2565; x_wconf 88' lang='lat' dir='ltr'>dubito,</span> <span class='ocrx_word' id='word_1_180' title='bbox 1101 2488 1178 2570; x_wconf 88' lang='lat' dir='ltr'>quin</span> <span class='ocrx_word' id='word_1_181' title='bbox 1195 2493 1289 2570; x_wconf 87' lang='lat' dir='ltr'>puter</span> 
     </span>
     <span class='ocr_line' id='line_1_25' title="bbox 152 2572 1289 2656; baseline 0.001 -21"><span class='ocrx_word' id='word_1_182' title='bbox 152 2572 386 2637; x_wconf 75' lang='lat' dir='ltr'>Hartmannus⁸</span> <span class='ocrx_word' id='word_1_183' title='bbox 410 2577 442 2636; x_wconf 90' lang='lat' dir='ltr'>te</span> <span class='ocrx_word' id='word_1_184' title='bbox 466 2572 608 2635; x_wconf 84' lang='lat' dir='ltr'>instante</span> <span class='ocrx_word' id='word_1_185' title='bbox 624 2579 656 2636; x_wconf 89' lang='lat' dir='ltr'>et</span> <span class='ocrx_word' id='word_1_186' title='bbox 672 2593 720 2635; x_wconf 88' lang='lat' dir='ltr'>me</span> <span class='ocrx_word' id='word_1_187' title='bbox 738 2577 872 2653; x_wconf 81' lang='lat' dir='ltr'>urgente</span> <span class='ocrx_word' id='word_1_188' title='bbox 889 2573 1055 2655; x_wconf 86' lang='lat' dir='ltr'>primarias</span> <span class='ocrx_word' id='word_1_189' title='bbox 1071 2595 1151 2656; x_wconf 86' lang='lat' dir='ltr'>quas</span> <span class='ocrx_word' id='word_1_190' title='bbox 1167 2578 1289 2637; x_wconf 88' lang='lat' dir='ltr'>vocant</span> 
     </span>
    </p>
   </div>
   <div class='ocr_carea' id='block_1_5' title="bbox 152 2656 1287 2813">
    <p class='ocr_par' dir='ltr' id='par_1_5' title="bbox 152 2656 1287 2813">
     <span class='ocr_line' id='line_1_26' title="bbox 152 2656 1287 2742; baseline 0 -20"><span class='ocrx_word' id='word_1_191' title='bbox 152 2658 332 2742; x_wconf 84' lang='lat' dir='ltr'>Nepotiane</span> <span class='ocrx_word' id='word_1_192' title='bbox 356 2664 465 2723; x_wconf 87' lang='lat' dir='ltr'>nostro</span> <span class='ocrx_word' id='word_1_193' title='bbox 489 2657 618 2720; x_wconf 89' lang='lat' dir='ltr'>dederit.</span> <span class='ocrx_word' id='word_1_194' title='bbox 664 2656 748 2721; x_wconf 87' lang='lat' dir='ltr'>Vale.</span> <span class='ocrx_word' id='word_1_195' title='bbox 795 2658 887 2720; x_wconf 86' lang='lat' dir='ltr'>xvll.</span> <span class='ocrx_word' id='word_1_196' title='bbox 912 2658 977 2721; x_wconf 88' lang='lat' dir='ltr'>Cal.</span> <span class='ocrx_word' id='word_1_197' title='bbox 1001 2657 1141 2723; x_wconf 87' lang='lat' dir='ltr'>Sextiles</span> <span class='ocrx_word' id='word_1_198' title='bbox 1156 2657 1287 2722; x_wconf 86' lang='lat' dir='ltr'>MDXV.</span> 
     </span>
     <span class='ocr_line' id='line_1_27' title="bbox 304 2758 531 2813; baseline -0.009 -1"><span class='ocrx_word' id='word_1_199' title='bbox 304 2758 365 2813; x_wconf 87' lang='lat' dir='ltr'>Cod.</span> <span class='ocrx_word' id='word_1_200' title='bbox 386 2758 452 2813; x_wconf 78' lang='lat' dir='ltr'>Frui.</span> <span class='ocrx_word' id='word_1_201' title='bbox 472 2758 531 2811; x_wconf 80' lang='lat'>496.</span> 
     </span>
    </p>
   </div>
   <div class='ocr_carea' id='block_1_6' title="bbox 151 2929 1290 3018">
    <p class='ocr_par' dir='ltr' id='par_1_6' title="bbox 151 2929 1290 3018">
     <span class='ocr_line' id='line_1_28' title="bbox 151 2929 1290 3018; baseline 0.004 -20"><span class='ocrx_word' id='word_1_202' title='bbox 151 2945 267 3014; x_wconf 74' lang='lat' dir='ltr'>(notua.)</span> <span class='ocrx_word' id='word_1_203' title='bbox 682 2929 754 2994; x_wconf 83' lang='lat'>505.</span> <span class='ocrx_word' id='word_1_204' title='bbox 984 2947 1041 3015; x_wconf 74' lang='lat' dir='ltr'>(vor</span> <span class='ocrx_word' id='word_1_205' title='bbox 1064 2947 1103 3000; x_wconf 85' lang='lat'>19.</span> <span class='ocrx_word' id='word_1_206' title='bbox 1121 2946 1177 3001; x_wconf 79' lang='lat' dir='ltr'>rui</span> <span class='ocrx_word' id='word_1_207' title='bbox 1198 2949 1290 3018; x_wconf 83' lang='lat'>1515.)</span> 
     </span>
    </p>
   </div>
   <div class='ocr_carea' id='block_1_7' title="bbox 526 3056 907 3127">
    <p class='ocr_par' dir='ltr' id='par_1_7' title="bbox 526 3056 907 3127">
     <span class='ocr_line' id='line_1_29' title="bbox 526 3056 907 3127; baseline 0.003 -1"><span class='ocrx_word' id='word_1_208' title='bbox 526 3056 671 3127; x_wconf 86' lang='lat' dir='ltr'>lllntian</span> <span class='ocrx_word' id='word_1_209' title='bbox 695 3077 743 3125; x_wconf 88' lang='lat' dir='ltr'>on</span> <span class='ocrx_word' id='word_1_210' title='bbox 766 3056 907 3127; x_wconf 89' lang='lat' dir='ltr'>Urban.</span> 
     </span>
    </p>
   </div>
   <div class='ocr_carea' id='block_1_8' title="bbox 152 3183 1289 3253">
    <p class='ocr_par' dir='ltr' id='par_1_8' title="bbox 152 3183 1289 3253">
     <span class='ocr_line' id='line_1_30' title="bbox 152 3183 1289 3253; baseline 0.004 -16"><span class='ocrx_word' id='word_1_211' title='bbox 152 3183 259 3251; x_wconf 82' lang='lat' dir='ltr'>(Urban</span> <span class='ocrx_word' id='word_1_212' title='bbox 281 3183 383 3252; x_wconf 75' lang='lat' dir='ltr'>bdrrrpst</span> <span class='ocrx_word' id='word_1_213' title='bbox 401 3184 448 3250; x_wconf 69' lang='lat' dir='ltr'>(dr</span> <span class='ocrx_word' id='word_1_214' title='bbox 464 3185 523 3237; x_wconf 75' lang='lat' dir='ltr'>scia</span> <span class='ocrx_word' id='word_1_215' title='bbox 540 3185 619 3238; x_wconf 72' lang='lat' dir='ltr'>Horis</span> <span class='ocrx_word' id='word_1_216' title='bbox 642 3185 729 3253; x_wconf 79' lang='lat' dir='ltr'>tapser</span> <span class='ocrx_word' id='word_1_217' title='bbox 747 3185 777 3238; x_wconf 83' lang='lat' dir='ltr'>in</span> <span class='ocrx_word' id='word_1_218' title='bbox 796 3186 900 3253; x_wconf 73' lang='lat' dir='ltr'>Erfurt,</span> <span class='ocrx_word' id='word_1_219' title='bbox 921 3190 1078 3240; x_wconf 72' lang='lat' dir='ltr'>unterstdlrt</span> <span class='ocrx_word' id='word_1_220' title='bbox 1097 3203 1146 3239; x_wconf 78' lang='lat' dir='ltr'>ucri</span> <span class='ocrx_word' id='word_1_221' title='bbox 1163 3185 1213 3239; x_wconf 79' lang='lat' dir='ltr'>den</span> <span class='ocrx_word' id='word_1_222' title='bbox 1234 3187 1289 3241; x_wconf 83' lang='lat' dir='ltr'>Ge-</span> 
     </span>
    </p>
   </div>
   <div class='ocr_carea' id='block_1_9' title="bbox 150 3252 1291 3459">
    <p class='ocr_par' dir='ltr' id='par_1_9' title="bbox 150 3252 1291 3459">
     <span class='ocr_line' id='line_1_31' title="bbox 150 3252 1291 3322; baseline 0.004 -16"><span class='ocrx_word' id='word_1_223' title='bbox 150 3252 341 3320; x_wconf 76' lang='lat' dir='ltr'>eryeullalem.</span> <span class='ocrx_word' id='word_1_224' title='bbox 378 3252 428 3304; x_wconf 82' lang='lat' dir='ltr'>Die</span> <span class='ocrx_word' id='word_1_225' title='bbox 446 3252 606 3322; x_wconf 75' lang='lat' dir='ltr'>Hucrptleute</span> <span class='ocrx_word' id='word_1_226' title='bbox 623 3253 708 3306; x_wconf 71' lang='lat' dir='ltr'>liubai</span> <span class='ocrx_word' id='word_1_227' title='bbox 724 3254 808 3306; x_wconf 74' lang='lat' dir='ltr'>durch</span> <span class='ocrx_word' id='word_1_228' title='bbox 827 3254 872 3307; x_wconf 75' lang='lat' dir='ltr'>c&#39;lrr</span> <span class='ocrx_word' id='word_1_229' title='bbox 895 3255 1033 3308; x_wconf 70' lang='lat' dir='ltr'>Verhulten</span> <span class='ocrx_word' id='word_1_230' title='bbox 1047 3271 1126 3322; x_wconf 74' lang='lat' dir='ltr'>pepon</span> <span class='ocrx_word' id='word_1_231' title='bbox 1136 3254 1186 3306; x_wconf 79' lang='lat' dir='ltr'>den</span> <span class='ocrx_word' id='word_1_232' title='bbox 1196 3254 1291 3310; x_wconf 72' lang='lat' dir='ltr'>Hm</span> 
     </span>
     <span class='ocr_line' id='line_1_32' title="bbox 152 3321 1289 3389; baseline 0.003 -15"><span class='ocrx_word' id='word_1_233' title='bbox 152 3339 203 3374; x_wconf 80' lang='lat' dir='ltr'>con</span> <span class='ocrx_word' id='word_1_234' title='bbox 225 3321 348 3374; x_wconf 73' lang='lat' dir='ltr'>Olecbhen</span> <span class='ocrx_word' id='word_1_235' title='bbox 367 3321 456 3387; x_wconf 79' lang='lat' dir='ltr'>Strose</span> <span class='ocrx_word' id='word_1_236' title='bbox 474 3323 601 3375; x_wconf 67' lang='lat' dir='ltr'>uenrmrlrl.</span> <span class='ocrx_word' id='word_1_237' title='bbox 641 3324 816 3389; x_wconf 79' lang='lat' dir='ltr'>Georpentlral</span> <span class='ocrx_word' id='word_1_238' title='bbox 832 3323 959 3376; x_wconf 77' lang='lat' dir='ltr'>bclmnnrt</span> <span class='ocrx_word' id='word_1_239' title='bbox 975 3323 1052 3376; x_wconf 83' lang='lat' dir='ltr'>einen</span> <span class='ocrx_word' id='word_1_240' title='bbox 1068 3339 1153 3375; x_wconf 73' lang='lat' dir='ltr'>neuere</span> <span class='ocrx_word' id='word_1_241' title='bbox 1180 3323 1289 3378; x_wconf 80' lang='lat' dir='ltr'>Cerraor.</span> 
     </span>
     <span class='ocr_line' id='line_1_33' title="bbox 251 3390 1187 3459; baseline 0.001 -16"><span class='ocrx_word' id='word_1_242' title='bbox 251 3390 372 3443; x_wconf 86' lang='lat' dir='ltr'>Osmund</span> <span class='ocrx_word' id='word_1_243' title='bbox 388 3391 438 3443; x_wconf 81' lang='lat' dir='ltr'>soll</span> <span class='ocrx_word' id='word_1_244' title='bbox 455 3391 511 3443; x_wconf 78' lang='lat' dir='ltr'>deni</span> <span class='ocrx_word' id='word_1_245' title='bbox 531 3391 640 3443; x_wconf 75' lang='lat' dir='ltr'>Mdrrclaee</span> <span class='ocrx_word' id='word_1_246' title='bbox 658 3392 712 3443; x_wconf 76' lang='lat' dir='ltr'>rien·</span> <span class='ocrx_word' id='word_1_247' title='bbox 733 3391 866 3459; x_wconf 69' lang='lat' dir='ltr'>ll&#39;einbery</span> <span class='ocrx_word' id='word_1_248' title='bbox 885 3392 1009 3445; x_wconf 76' lang='lat' dir='ltr'>Matiane</span> <span class='ocrx_word' id='word_1_249' title='bbox 1027 3391 1187 3457; x_wconf 57' lang='lat' dir='ltr'>salutifera)</span> 
     </span>
    </p>
   </div>
   <div class='ocr_carea' id='block_1_10' title="bbox 323 3504 1066 3572">
    <p class='ocr_par' dir='ltr' id='par_1_10' title="bbox 323 3504 1066 3572">
     <span class='ocr_line' id='line_1_34' title="bbox 323 3504 1066 3572; baseline 0.001 -18"><span class='ocrx_word' id='word_1_250' title='bbox 323 3505 505 3556; x_wconf 79' lang='lat' dir='ltr'>Fortissimo</span> <span class='ocrx_word' id='word_1_251' title='bbox 523 3506 706 3566; x_wconf 74' lang='lat' dir='ltr'>imperatori</span> <span class='ocrx_word' id='word_1_252' title='bbox 722 3505 851 3556; x_wconf 85' lang='lat' dir='ltr'>Urbano</span> <span class='ocrx_word' id='word_1_253' title='bbox 871 3504 926 3572; x_wconf 83' lang='grc' dir='ltr'>(Μ.</span> <span class='ocrx_word' id='word_1_254' title='bbox 944 3504 1066 3565; x_wconf 72' lang='lat' dir='ltr'>Rufus).</span> 
     </span>
    </p>
   </div>
   <div class='ocr_carea' id='block_1_11' title="bbox 153 3614 1290 3954">
    <p class='ocr_par' dir='ltr' id='par_1_11' title="bbox 153 3614 1290 3954">
     <span class='ocr_line' id='line_1_35' title="bbox 256 3614 1290 3702; baseline 0.005 -25"><span class='ocrx_word' id='word_1_255' title='bbox 256 3614 287 3678; x_wconf 88' lang='lat' dir='ltr'>S.</span> <span class='ocrx_word' id='word_1_256' title='bbox 334 3615 461 3680; x_wconf 78' lang='lat' dir='ltr'>Fortem</span> <span class='ocrx_word' id='word_1_257' title='bbox 484 3623 516 3681; x_wconf 87' lang='lat' dir='ltr'>te</span> <span class='ocrx_word' id='word_1_258' title='bbox 540 3618 639 3681; x_wconf 88' lang='lat' dir='ltr'>virum</span> <span class='ocrx_word' id='word_1_259' title='bbox 665 3639 733 3681; x_wconf 91' lang='lat' dir='ltr'>esse</span> <span class='ocrx_word' id='word_1_260' title='bbox 756 3618 860 3682; x_wconf 85' lang='lat' dir='ltr'>audio.</span> <span class='ocrx_word' id='word_1_261' title='bbox 906 3617 986 3682; x_wconf 87' lang='lat' dir='ltr'>Nam</span> <span class='ocrx_word' id='word_1_262' title='bbox 1011 3617 1161 3682; x_wconf 89' lang='lat' dir='ltr'>obsessus</span> <span class='ocrx_word' id='word_1_263' title='bbox 1183 3639 1290 3702; x_wconf 90' lang='lat' dir='ltr'>popu-</span> 
     </span>
     <span class='ocr_line' id='line_1_36' title="bbox 154 3699 1288 3785; baseline 0.006 -23"><span class='ocrx_word' id='word_1_264' title='bbox 154 3699 211 3762; x_wconf 85' lang='lat' dir='ltr'>lari</span> <span class='ocrx_word' id='word_1_265' title='bbox 235 3702 380 3783; x_wconf 87' lang='lat' dir='ltr'>strepitu,</span> <span class='ocrx_word' id='word_1_266' title='bbox 406 3703 492 3766; x_wconf 91' lang='lat' dir='ltr'>nullo</span> <span class='ocrx_word' id='word_1_267' title='bbox 515 3703 628 3767; x_wconf 90' lang='lat' dir='ltr'>timore</span> <span class='ocrx_word' id='word_1_268' title='bbox 649 3705 845 3785; x_wconf 85' lang='lat' dir='ltr'>perterritus,</span> <span class='ocrx_word' id='word_1_269' title='bbox 861 3708 950 3768; x_wconf 86' lang='lat' dir='ltr'>tenes</span> <span class='ocrx_word' id='word_1_270' title='bbox 968 3700 1122 3767; x_wconf 70' lang='grc' dir='ltr'>(1011111111.ὓ</span> <span class='ocrx_word' id='word_1_271' title='bbox 1158 3702 1209 3767; x_wconf 86' lang='lat' dir='ltr'>Ita</span> <span class='ocrx_word' id='word_1_272' title='bbox 1224 3703 1288 3769; x_wconf 83' lang='lat' dir='ltr'>fac.</span> 
     </span>
     <span class='ocr_line' id='line_1_37' title="bbox 154 3784 1289 3872; baseline 0.006 -25"><span class='ocrx_word' id='word_1_273' title='bbox 154 3784 293 3849; x_wconf 85' lang='lat' dir='ltr'>Clientes</span> <span class='ocrx_word' id='word_1_274' title='bbox 317 3788 363 3851; x_wconf 91' lang='lat' dir='ltr'>tui</span> <span class='ocrx_word' id='word_1_275' title='bbox 389 3794 534 3869; x_wconf 83' lang='lat' dir='ltr'>pugnant</span> <span class='ocrx_word' id='word_1_276' title='bbox 558 3789 589 3852; x_wconf 91' lang='lat' dir='ltr'>in</span> <span class='ocrx_word' id='word_1_277' title='bbox 614 3790 704 3866; x_wconf 89' lang='lat' dir='ltr'>silva,</span> <span class='ocrx_word' id='word_1_278' title='bbox 728 3795 763 3852; x_wconf 86' lang='lat' dir='ltr'>tu</span> <span class='ocrx_word' id='word_1_279' title='bbox 788 3790 819 3852; x_wconf 93' lang='lat' dir='ltr'>in</span> <span class='ocrx_word' id='word_1_280' title='bbox 844 3791 960 3872; x_wconf 92' lang='lat' dir='ltr'>oppido</span> <span class='ocrx_word' id='word_1_281' title='bbox 977 3790 1117 3852; x_wconf 88' lang='lat' dir='ltr'>sustines</span> <span class='ocrx_word' id='word_1_282' title='bbox 1133 3793 1289 3854; x_wconf 89' lang='lat' dir='ltr'>armatos.</span> 
     </span>
     <span class='ocr_line' id='line_1_38' title="bbox 153 3869 1290 3954; baseline 0.004 -20"><span class='ocrx_word' id='word_1_283' title='bbox 153 3869 294 3954; x_wconf 88' lang='lat' dir='ltr'>Utraque</span> <span class='ocrx_word' id='word_1_284' title='bbox 317 3874 417 3936; x_wconf 88' lang='lat' dir='ltr'>virtus</span> <span class='ocrx_word' id='word_1_285' title='bbox 441 3874 525 3937; x_wconf 87' lang='lat' dir='ltr'>clara</span> <span class='ocrx_word' id='word_1_286' title='bbox 542 3873 687 3952; x_wconf 90' lang='lat' dir='ltr'>babetur,</span> <span class='ocrx_word' id='word_1_287' title='bbox 704 3874 757 3937; x_wconf 88' lang='lat' dir='ltr'>sed</span> <span class='ocrx_word' id='word_1_288' title='bbox 775 3879 830 3938; x_wconf 88' lang='lat' dir='ltr'>tua</span> <span class='ocrx_word' id='word_1_289' title='bbox 847 3876 1020 3939; x_wconf 87' lang='lat' dir='ltr'>sublimior.</span> <span class='ocrx_word' id='word_1_290' title='bbox 1061 3874 1110 3938; x_wconf 95' lang='lat' dir='ltr'>llli</span> <span class='ocrx_word' id='word_1_291' title='bbox 1127 3895 1290 3939; x_wconf 87' lang='lat' dir='ltr'>recessum</span> 
     </span>
    </p>
   </div>
   <div class='ocr_carea' id='block_1_12' title="bbox 152 4001 357 4011">
    <p class='ocr_par' dir='ltr' id='par_1_12' title="bbox 152 4001 357 4011">
     <span class='ocr_line' id='line_1_39' title="bbox 152 4001 357 4011; baseline 0.01 -3"><span class='ocrx_word' id='word_1_292' title='bbox 152 4001 357 4011; x_wconf 47' lang='lat' dir='ltr'>*m—</span> 
     </span>
    </p>
   </div>
   <div class='ocr_carea' id='block_1_13' title="bbox 152 4055 1291 4683">
    <p class='ocr_par' dir='ltr' id='par_1_13' title="bbox 152 4055 1291 4683">
     <span class='ocr_line' id='line_1_40' title="bbox 224 4055 1291 4126; baseline 0.003 -18"><span class='ocrx_word' id='word_1_293' title='bbox 224 4055 361 4121; x_wconf 72' lang='grc' dir='ltr'>ι1111111111,</span> <span class='ocrx_word' id='word_1_294' title='bbox 388 4057 474 4109; x_wconf 82' lang='lat' dir='ltr'>sturlo</span> <span class='ocrx_word' id='word_1_295' title='bbox 503 4056 690 4125; x_wconf 79' lang='lat' dir='ltr'>Bozoichnuug</span> <span class='ocrx_word' id='word_1_296' title='bbox 719 4059 765 4110; x_wconf 82' lang='lat' dir='ltr'>des</span> <span class='ocrx_word' id='word_1_297' title='bbox 792 4058 940 4126; x_wconf 66' lang='lat' dir='ltr'>aetiopes.</span> <span class='ocrx_word' id='word_1_298' title='bbox 1029 4058 1107 4111; x_wconf 71' lang='lat' dir='ltr'>*Die</span> <span class='ocrx_word' id='word_1_299' title='bbox 1133 4056 1291 4111; x_wconf 79' lang='lat' dir='ltr'>Subduaucr</span> 
     </span>
     <span class='ocr_line' id='line_1_41' title="bbox 154 4123 1289 4194; baseline 0.004 -19"><span class='ocrx_word' id='word_1_300' title='bbox 154 4123 246 4177; x_wconf 84' lang='lat' dir='ltr'>hutten</span> <span class='ocrx_word' id='word_1_301' title='bbox 265 4124 324 4176; x_wconf 82' lang='lat' dir='ltr'>dom</span> <span class='ocrx_word' id='word_1_302' title='bbox 343 4124 492 4192; x_wconf 84' lang='lat' dir='ltr'>Propheteu</span> <span class='ocrx_word' id='word_1_303' title='bbox 511 4127 552 4177; x_wconf 83' lang='lat' dir='ltr'>oin</span> <span class='ocrx_word' id='word_1_304' title='bbox 572 4126 788 4178; x_wconf 79' lang='lat' dir='ltr'>Bauermiidchen</span> <span class='ocrx_word' id='word_1_305' title='bbox 808 4144 854 4179; x_wconf 86' lang='lat' dir='ltr'>zur</span> <span class='ocrx_word' id='word_1_306' title='bbox 872 4127 939 4179; x_wconf 83' lang='lat' dir='ltr'>Fran</span> <span class='ocrx_word' id='word_1_307' title='bbox 966 4128 1089 4194; x_wconf 80' lang='lat' dir='ltr'>gegeben.</span> <span class='ocrx_word' id='word_1_308' title='bbox 1162 4127 1215 4179; x_wconf 70' lang='lat'>³8.</span> <span class='ocrx_word' id='word_1_309' title='bbox 1235 4127 1289 4180; x_wconf 73' lang='lat'>374</span> 
     </span>
     <span class='ocr_line' id='line_1_42' title="bbox 152 4193 1288 4262; baseline 0.006 -18"><span class='ocrx_word' id='word_1_310' title='bbox 152 4194 183 4245; x_wconf 86' lang='lat' dir='ltr'>A.</span> <span class='ocrx_word' id='word_1_311' title='bbox 202 4194 226 4245; x_wconf 80' lang='lat'>5.</span> <span class='ocrx_word' id='word_1_312' title='bbox 299 4193 360 4246; x_wconf 92' lang='lat' dir='ltr'>⁴U.</span> <span class='ocrx_word' id='word_1_313' title='bbox 390 4194 579 4262; x_wconf 76' lang='lat' dir='ltr'>boabnichtigto</span> <span class='ocrx_word' id='word_1_314' title='bbox 607 4211 654 4246; x_wconf 83' lang='lat' dir='ltr'>zur·</span> <span class='ocrx_word' id='word_1_315' title='bbox 680 4194 848 4246; x_wconf 78' lang='lat' dir='ltr'>Franklurtcr</span> <span class='ocrx_word' id='word_1_316' title='bbox 877 4195 962 4247; x_wconf 82' lang='lat' dir='ltr'>blusso</span> <span class='ocrx_word' id='word_1_317' title='bbox 990 4212 1023 4247; x_wconf 87' lang='lat' dir='ltr'>zu</span> <span class='ocrx_word' id='word_1_318' title='bbox 1050 4195 1126 4262; x_wconf 79' lang='lat' dir='ltr'>gohn.</span> <span class='ocrx_word' id='word_1_319' title='bbox 1161 4193 1205 4246; x_wconf 91' lang='lat' dir='ltr'>Br.</span> <span class='ocrx_word' id='word_1_320' title='bbox 1224 4196 1288 4251; x_wconf 76' lang='grc'>506,</span> 
     </span>
     <span class='ocr_line' id='line_1_43' title="bbox 153 4259 1287 4331; baseline 0.002 -17"><span class='ocrx_word' id='word_1_321' title='bbox 153 4259 230 4314; x_wconf 84' lang='lat' dir='ltr'>Scine</span> <span class='ocrx_word' id='word_1_322' title='bbox 257 4261 365 4314; x_wconf 82' lang='lat' dir='ltr'>Huimat</span> <span class='ocrx_word' id='word_1_323' title='bbox 388 4278 462 4314; x_wconf 84' lang='lat' dir='ltr'>muse</span> <span class='ocrx_word' id='word_1_324' title='bbox 486 4261 541 4314; x_wconf 87' lang='lat' dir='ltr'>also</span> <span class='ocrx_word' id='word_1_325' title='bbox 560 4262 585 4313; x_wconf 91' lang='lat' dir='ltr'>in</span> <span class='ocrx_word' id='word_1_326' title='bbox 605 4263 692 4314; x_wconf 84' lang='lat' dir='ltr'>dieser</span> <span class='ocrx_word' id='word_1_327' title='bbox 717 4264 823 4329; x_wconf 75' lang='lat' dir='ltr'>(legend</span> <span class='ocrx_word' id='word_1_328' title='bbox 845 4262 902 4331; x_wconf 80' lang='lat' dir='ltr'>gele</span> <span class='ocrx_word' id='word_1_329' title='bbox 921 4280 952 4315; x_wconf 89' lang='lat' dir='ltr'>on</span> <span class='ocrx_word' id='word_1_330' title='bbox 971 4263 1065 4316; x_wconf 88' lang='lat' dir='ltr'>haben.</span> <span class='ocrx_word' id='word_1_331' title='bbox 1101 4260 1160 4330; x_wconf 79' lang='lat' dir='ltr'>Vgl.</span> <span class='ocrx_word' id='word_1_332' title='bbox 1179 4261 1223 4316; x_wconf 90' lang='lat' dir='ltr'>Br.</span> <span class='ocrx_word' id='word_1_333' title='bbox 1240 4263 1287 4328; x_wconf 80' lang='lat'>83,</span> 
     </span>
     <span class='ocr_line' id='line_1_44' title="bbox 152 4281 1289 4384; baseline 0.004 -4"><span class='ocrx_word' id='word_1_334' title='bbox 152 4329 220 4381; x_wconf 85' lang='lat' dir='ltr'>nach</span> <span class='ocrx_word' id='word_1_335' title='bbox 247 4329 376 4382; x_wconf 82' lang='lat' dir='ltr'>uclchem</span> <span class='ocrx_word' id='word_1_336' title='bbox 405 4330 494 4383; x_wconf 89' lang='lat' dir='ltr'>Urban</span> <span class='ocrx_word' id='word_1_337' title='bbox 521 4347 564 4382; x_wconf 83' lang='lat' dir='ltr'>nnr</span> <span class='ocrx_word' id='word_1_338' title='bbox 592 4331 656 4384; x_wconf 70' lang='lat' dir='ltr'>rou?</span> <span class='ocrx_word' id='word_1_339' title='bbox 677 4331 735 4383; x_wconf 81' lang='lat' dir='ltr'>cine</span> <span class='ocrx_word' id='word_1_340' title='bbox 753 4331 875 4384; x_wconf 75' lang='lat' dir='ltr'>alrnliche</span> <span class='ocrx_word' id='word_1_341' title='bbox 903 4281 980 4384; x_wconf 70' lang='lat' dir='ltr'>iluise</span> <span class='ocrx_word' id='word_1_342' title='bbox 1009 4330 1188 4383; x_wconf 86' lang='lat' dir='ltr'>unternimmt</span> <span class='ocrx_word' id='word_1_343' title='bbox 1227 4330 1289 4384; x_wconf 80' lang='lat' dir='ltr'>Wir</span> 
     </span>
     <span class='ocr_line' id='line_1_45' title="bbox 152 4397 1287 4453; baseline 0.003 -4"><span class='ocrx_word' id='word_1_344' title='bbox 152 4397 237 4449; x_wconf 84' lang='lat' dir='ltr'>huben</span> <span class='ocrx_word' id='word_1_345' title='bbox 263 4399 392 4451; x_wconf 85' lang='lat' dir='ltr'>demnaclr</span> <span class='ocrx_word' id='word_1_346' title='bbox 417 4404 493 4451; x_wconf 82' lang='lat' dir='ltr'>untur·</span> <span class='ocrx_word' id='word_1_347' title='bbox 518 4400 605 4451; x_wconf 79' lang='lat' dir='ltr'>scinci·</span> <span class='ocrx_word' id='word_1_348' title='bbox 629 4398 1185 4453; x_wconf 61' lang='grc'>11111111111111118111111111011111</span> <span class='ocrx_word' id='word_1_349' title='bbox 1205 4397 1287 4452; x_wconf 75' lang='lat' dir='ltr'>uoln-</span> 
     </span>
     <span class='ocr_line' id='line_1_46' title="bbox 153 4464 1287 4533; baseline 0.004 -16"><span class='ocrx_word' id='word_1_350' title='bbox 153 4464 254 4518; x_wconf 89' lang='lat' dir='ltr'>hausen</span> <span class='ocrx_word' id='word_1_351' title='bbox 274 4483 306 4518; x_wconf 90' lang='lat' dir='ltr'>zu</span> <span class='ocrx_word' id='word_1_352' title='bbox 325 4468 456 4521; x_wconf 81' lang='lat' dir='ltr'>roretehn.</span> <span class='ocrx_word' id='word_1_353' title='bbox 486 4467 544 4533; x_wconf 81' lang='lat' dir='ltr'>Vgl.</span> <span class='ocrx_word' id='word_1_354' title='bbox 564 4467 589 4521; x_wconf 87' lang='lat' dir='ltr'>S.</span> <span class='ocrx_word' id='word_1_355' title='bbox 608 4468 660 4520; x_wconf 75' lang='lat'>490</span> <span class='ocrx_word' id='word_1_356' title='bbox 679 4470 710 4520; x_wconf 89' lang='lat' dir='ltr'>A.</span> <span class='ocrx_word' id='word_1_357' title='bbox 728 4469 751 4522; x_wconf 88' lang='grc'>(1.</span> <span class='ocrx_word' id='word_1_358' title='bbox 807 4468 956 4521; x_wconf 69' lang='grc' dir='ltr'>ὃ11111011</span> <span class='ocrx_word' id='word_1_359' title='bbox 975 4466 1066 4522; x_wconf 84' lang='lat' dir='ltr'>Fulda.</span> <span class='ocrx_word' id='word_1_360' title='bbox 1093 4467 1119 4520; x_wconf 88' lang='lat' dir='ltr'>S.</span> <span class='ocrx_word' id='word_1_361' title='bbox 1139 4466 1190 4521; x_wconf 76' lang='grc'>556</span> <span class='ocrx_word' id='word_1_362' title='bbox 1210 4470 1241 4520; x_wconf 83' lang='lat' dir='ltr'>A.</span> <span class='ocrx_word' id='word_1_363' title='bbox 1263 4471 1287 4522; x_wconf 91' lang='lat'>1.</span> 
     </span>
     <span class='ocr_line' id='line_1_47' title="bbox 184 4534 1288 4607; baseline 0.002 -19"><span class='ocrx_word' id='word_1_364' title='bbox 184 4534 268 4589; x_wconf 76' lang='lat' dir='ltr'>‘Dan</span> <span class='ocrx_word' id='word_1_365' title='bbox 292 4535 500 4607; x_wconf 45' lang='lat' dir='ltr'>,derigendus</span> <span class='ocrx_word' id='word_1_366' title='bbox 523 4535 583 4602; x_wconf 73' lang='lat' dir='ltr'>llos,</span> <span class='ocrx_word' id='word_1_367' title='bbox 608 4537 659 4590; x_wconf 89' lang='lat' dir='ltr'>den</span> <span class='ocrx_word' id='word_1_368' title='bbox 684 4536 781 4601; x_wconf 69' lang='lat' dir='ltr'>mnu.</span> <span class='ocrx_word' id='word_1_369' title='bbox 803 4536 853 4589; x_wconf 85' lang='lat' dir='ltr'>wie</span> <span class='ocrx_word' id='word_1_370' title='bbox 872 4552 900 4590; x_wconf 88' lang='lat' dir='ltr'>es</span> <span class='ocrx_word' id='word_1_371' title='bbox 918 4535 1029 4603; x_wconf 71' lang='lat' dir='ltr'>schum,</span> <span class='ocrx_word' id='word_1_372' title='bbox 1056 4552 1090 4589; x_wconf 92' lang='lat' dir='ltr'>an</span> <span class='ocrx_word' id='word_1_373' title='bbox 1108 4535 1166 4589; x_wconf 88' lang='lat' dir='ltr'>sich</span> <span class='ocrx_word' id='word_1_374' title='bbox 1183 4535 1288 4590; x_wconf 84' lang='lat' dir='ltr'>raissen</span> 
     </span>
     <span class='ocr_line' id='line_1_48' title="bbox 164 4596 1262 4683; baseline -0.002 -23"><span class='ocrx_word' id='word_1_375' title='bbox 164 4601 235 4665; x_wconf 82' lang='lat' dir='ltr'>ullte.</span> <span class='ocrx_word' id='word_1_376' title='bbox 277 4596 351 4665; x_wconf 74' lang='lat' dir='ltr'>Uber·</span> <span class='ocrx_word' id='word_1_377' title='bbox 369 4610 421 4667; x_wconf 88' lang='lat' dir='ltr'>den</span> <span class='ocrx_word' id='word_1_378' title='bbox 441 4607 526 4683; x_wconf 85' lang='lat' dir='ltr'>Krieg</span> <span class='ocrx_word' id='word_1_379' title='bbox 546 4607 684 4666; x_wconf 76' lang='lat' dir='ltr'>zirischen</span> <span class='ocrx_word' id='word_1_380' title='bbox 697 4606 792 4662; x_wconf 71' lang='lat' dir='ltr'>unua</span> <span class='ocrx_word' id='word_1_381' title='bbox 807 4606 866 4661; x_wconf 78' lang='lat' dir='ltr'>unu</span> <span class='ocrx_word' id='word_1_382' title='bbox 879 4603 1059 4672; x_wconf 60' lang='lat' dir='ltr'>beorueutusu</span> <span class='ocrx_word' id='word_1_383' title='bbox 1069 4603 1127 4672; x_wconf 53' lang='lat' dir='ltr'>sul.</span> <span class='ocrx_word' id='word_1_384' title='bbox 1138 4603 1187 4655; x_wconf 66' lang='lat' dir='ltr'>Ru.</span> <span class='ocrx_word' id='word_1_385' title='bbox 1202 4602 1262 4658; x_wconf 60' lang='grc' dir='ltr'>ΜΒ.</span> 
     </span>
    </p>
   </div>
   <div class='ocr_carea' id='block_1_14' title="bbox 0 0 1392 4966">
    <p class='ocr_par' dir='ltr' id='par_1_14' title="bbox 0 0 1392 4966">
     <span class='ocr_line' id='line_1_49' title="bbox 0 0 1392 4966; baseline 0 0"><span class='ocrx_word' id='word_1_386' title='bbox 0 0 1392 4966; x_wconf 95' lang='lat' dir='ltr'> </span> 
     </span>
    </p>
   </div>
  </div>
 </body>
</html>
