2774 4966
328 616 433 680 Mation
452 642 486 679 uu
506 613 608 680 Urbun.
644 614 751 678 Mutlsn
769 641 803 678 en
823 618 982 680 Hertmeun.
1155 619 1218 694 509

90 811 183 866 Gothu.
618 796 691 860 445.
1024 814 1048 866 9.
1066 813 1125 866 Jnn.
1145 815 1219 868 1515.

466 922 612 991 ltlutiun
635 943 684 991 un
706 922 846 993 Urbun.

91 1048 210 1115 (Eobons
236 1048 374 1101 bduslirlic
400 1049 461 1102 Not.
504 1051 541 1102 Ist
568 1051 715 1117 Enqlmder
740 1050 806 1102 noct
832 1049 969 1101 Kumlcr?
1009 1049 1128 1117 Ansruqe
1152 1051 1224 1103 eines

91 1117 280 1185 Auoustr'uers.
316 1118 375 1169 Dcn
399 1117 535 1186 ll'cindery
553 1120 609 1171 rcr'll
625 1119 662 1171 M.
679 1119 828 1184 colorifero
864 1117 919 1170 Hat
942 1117 1011 1169 licien
1028 1118 1093 1170 Abte
1108 1118 1156 1183 [ἄν
1174 1119 1222 1171 Bc·

160 1187 271 1252 Ioscuuq
288 1186 331 1238 deu
351 1187 566 1254 Spoletin'scheu
590 1187 685 1240 Wturs
703 1204 752 1239 oon
771 1185 969 1239 Hoheuterclicn
984 1186 1159 1254 yesprocben.)

467 1301 507 1353 Η.
526 1301 655 1352 Urbano
672 1302 714 1353 Μ.
733 1299 843 1351 Rufru.

197 1407 300 1474 Salus.
346 1410 403 1474 His
435 1412 589 1493 proximis
623 1410 736 1475 diebus
768 1410 876 1492 accepi
905 1410 1014 1474 literas
1045 1409 1218 1492 Spalatini;

92 1494 216 1558 videbis
239 1501 275 1558 ut
298 1498 475 1560 communis
505 1498 635 1560 amicus.
682 1495 786 1560 Timet
812 1497 967 1560 Eobauo'
1014 1494 1068 1560 Sic
1091 1501 1123 1558 et
1145 1495 1222 1576 ipse.

95 1583 120 1643 Α
144 1602 195 1644 me
218 1582 324 1645 lutura
347 1580 458 1645 debuit
481 1604 680 1664 cognoscere,
705 1584 765 1645 etsi
785 1581 902 1645 dixerit
918 1604 966 1645 me
982 1581 1093 1644 talium
1119 1602 1220 1644 rerum

94 1667 287 1748 imperitum.
333 1665 403 1730 Non
439 1674 545 1730 autem
579 1671 646 1731 erat
679 1667 819 1730 difficilis
851 1667 1034 1748 conjecturo
1064 1673 1094 1730 et
1126 1667 1222 1747 probe

94 1751 168 1815 novi
191 1752 270 1816 nihil
295 1752 389 1830 dot-is,
413 1753 492 1815 nihil
516 1752 711 1826 hereditatis,
737 1753 815 1816 nihil
838 1751 1026 1816 concordiae
1041 1753 1125 1834 apud
1142 1753 1222 1815 istos

94 1859 174 1912 esse,
197 1838 251 1919 qui
275 1837 369 1901 nobis
396 1838 581 1920 eripuerunt
614 1839 759 1901 amicum.
805 1838 888 1914 Quid
921 1837 1093 1914 incautius,
1126 1858 1221 1920 quam

94 1922 231 2005 puellam
260 1924 322 1987 sibi
344 1923 492 2005 copulare
514 1930 545 1987 et
569 1923 672 1987 nullas
700 1929 801 1986 unte·
833 1922 961 1986 tabulas
997 1921 1119 1986 dotales
1148 1943 1224 1986 con-

93 2008 209 2071 ficere?
254 2008 315 2074 Sed
339 2009 416 2071 baec
439 2008 524 2072 lacta
547 2016 632 2072 sunt.
678 2009 760 2084 Quid
777 2008 888 2072 dicunt
910 2007 949 2071 de
973 2005 1222 2089 Engellendro?²

95 2093 143 2157 An
168 2094 262 2158 desiit
284 2116 352 2158 esse
377 2094 609 2157 cancellarius?
653 2094 787 2169 Quidam
811 2093 931 2158 ordinis
960 2090 1146 2175 Augustini⁸
1173 2114 1223 2156 me

94 2179 294 2256 consubit,b
317 2179 364 2242 uti
388 2179 485 2254 video,
508 2179 611 2243 homo¹
627 2179 705 2242 mihi
729 2181 869 2261 ignotus,
915 2178 1031 2242 Facilis
1047 2179 1222 2260 responsio.

95 2263 166 2328 Non
190 2269 297 2328 tamen
322 2265 530 2346 respondebo,
549 2287 587 2327 ne
603 2287 641 2327 ex
659 2264 740 2328 thesi
757 2265 835 2328 mihi
852 2263 997 2328 faciant⁰
1020 2263 1222 2346 hypothesim

94 2353 127 2412 et
143 2349 214 2431 plus
237 2352 280 2414 sit
295 2352 327 2414 in
345 2373 450 2428 causa,
474 2372 569 2431 quam
594 2356 795 2432 proponatur,
840 2349 1001 2414 «Iudicium
1017 2355 1107 2413 tuum
1125 2350 1221 2413 dicas.

94 2434 226 2499 Barbari
259 2435 391 2500 tradunt
423 2457 590 2517 germanas
620 2457 698 2512 esse,
729 2457 811 2517 quae
842 2438 909 2499 sint
938 2435 1078 2517 ejusdem
1113 2437 1224 2500 matris

94 2520 190 2597 tiliae,
214 2523 469 2602 consanguineus
498 2542 580 2598 vero,
610 2542 692 2601 quae
727 2523 821 2585 unius
853 2522 962 2603 patris.
1009 2521 1106 2585 Novit
1139 2520 1225 2584 hunc

95 2628 202 2669 casum
237 2608 372 2689 quilibet
406 2608 553 2670 arborum
589 2606 696 2669 lector.
742 2607 816 2671 Ideo
845 2608 948 2682 miror,
977 2628 1032 2670 cur
1058 2611 1148 2689 poter
1170 2606 1224 2670 ille

95 2691 230 2755 dubitet.
277 2692 322 2756 De
357 2692 464 2755 vineto
500 2689 735 2755 habes'meam
774 2693 976 2756 sententiam.
1023 2691 1057 2756 Si
1091 2692 1224 2755 alienari

95 2781 211 2859 potest,
236 2799 299 2842 non
324 2775 491 2859 repugno.⁴
535 2777 581 2840 De
604 2777 721 2840 vicario
756 2776 928 2860 Spoletini⁵
963 2778 1039 2860 quid
1072 2782 1224 2857 statuam,

95 2864 212 2926 nescio.
259 2863 302 2927 Ut
324 2863 464 2927 Duronio
496 2867 622 2942 gratum
656 2863 801 2941 lacerem,
835 2863 980 2926 consului
1014 2863 1224 2927 retinendum.

95 2947 140 3011 Te
163 2970 286 3029 sequar.
333 2948 400 3030 Ego
416 2949 481 3012 scio
496 2946 691 3011 Morianurn⁶
706 2970 776 3011 esse
792 2955 824 3012 et
838 2947 1037 3012 Musardum'
1054 2948 1224 3013 Lotianum

96 3040 128 3097 et
160 3033 352 3098 Duronium⁸
387 3033 640 3116 Simplicianum.
698 3033 747 3096 Ob
781 3033 813 3096 id
847 3035 990 3098 timidius
1028 3056 1088 3115 ago
1121 3057 1225 3117 neque

96 3120 201 3183 saluto
226 3119 413 3183 Duronium.
459 3119 664 3182 Auscultaret
679 3119 847 3182 lllusardns
870 3125 902 3183 et
925 3119 1072 3202 Figulus⁹
1095 3127 1127 3184 et
1149 3142 1225 3184 can·

96 3204 171 3269 dida
202 3205 307 3269 forsan
341 3209 566 3287 perverterent..
611 3204 682 3267 Jam
714 3205 845 3282 dormio,
876 3226 940 3269 non
964 3212 1071 3269 temen
1095 3208 1225 3271 omniuo

96 3312 167 3354 snm
202 3291 322 3355 oblitus
355 3290 453 3354 officii
487 3290 559 3353 mei.
605 3289 747 3354 Observo
779 3292 861 3354 enim
896 3293 1089 3371 occasioneS,
1112 3297 1149 3355 ut
1170 3313 1226 3374 np-

96 3382 207 3458 pureat
237 3376 296 3441 tibi
329 3376 477 3439 voluntas
500 3381 533 3438 et
561 3374 697 3438 facultas
731 3375 866 3440 Mutiani
899 3378 957 3440 tui.
1003 3375 1164 3460 Conoerpe
1194 3381 1227 3441 et

95 3463 216 3525 nemini
239 3462 371 3526 confide.
417 3460 466 3524 Ex
489 3459 605 3524 Gotho.
651 3460 685 3524 V.
712 3460 811 3525 Eidus
833 3461 1004 3526 lanuarias
1026 3484 1110 3526 anno
1133 3462 1196 3525 XV.

250 3563 312 3616 Cod.
330 3561 396 3616 Frcf.
415 3562 474 3614 432.

96 3725 189 3779 Gotho.
624 3708 697 3772 446,
1014 3724 1055 3777 10.
1072 3724 1131 3778 dun.
1152 3725 1225 3777 1515.

416 3833 562 3902 Mutiun
584 3853 632 3902 un
656 3833 906 3903 Hurtniunn.'⁰

96 3963 187 4028 (Ritu,
211 3962 289 4014 cium
311 3961 419 4014 Richter
435 3979 501 4015 num
519 3961 623 4014 chcre
640 3962 683 4013 fles
701 3960 807 4014 uliano
824 3978 861 4014 xu
878 3960 1001 4014 bertelino
1044 3949 1228 4031 llberserumy

97 4032 172 4084 einer
191 4030 361 4099 Sponsclne'st
383 4047 463 4098 qeyen
480 4031 523 4082 die
540 4030 652 4082 Parim
673 4030 869 4096 Eutsclicirlimq
888 4031 918 4081 in
936 4030 1038 4083 Saclien
1063 4031 1228 4097 Entellino.)

166 4166 180 4194 ⁸
194 4156 272 4205 sulcu
291 4152 364 4203 uerti.
436 4150 577 4204 boonsulit
599 4151 672 4203 Trou.
743 4151 848 4203 clneiat
867 4150 940 4203 Terin.

169 4221 304 4275 ¹Ilcssu8.
332 4220 387 4287 l'gl.
401 4220 426 4273 S.
440 4220 488 4273 501
509 4223 540 4274 A.
559 4221 582 4274 6.
637 4219 690 4273 ²8.
703 4221 750 4287 481
767 4223 797 4272 A.
811 4223 834 4273 (t.
889 4219 1227 4287 '’Auedcrnrtugustinor·

98 4288 196 4342 klostcr
214 4290 240 4342 in
260 4289 352 4342 Gntha.
388 4288 454 4340 Eino
481 4288 677 4356 ebspicchcndc
706 4291 858 4355 hussomrig
885 4288 950 4340 iiber
976 4288 1048 4340 diosc
1072 4287 1184 4340 Mbncho
1201 4289 1227 4338 in

98 4357 141 4410 Br.
160 4359 219 4411 459.
273 4358 345 4409 *Bu
363 4359 422 4410 441.
476 4347 577 4409 etum·
594 4357 643 4408 don
664 4355 828 4409 sclrumloscn
857 4357 939 4409 l'ikur
956 4372 1006 4409 uon
1026 4355 1228 4408 llohcnlnrcheu

97 4425 123 4479 S.
142 4426 193 4479 498
212 4430 243 4481 A.
263 4427 286 4478 2.
349 4425 480 4478 ⁰Frcuud
499 4425 659 4478 desllorus,
696 4424 721 4476 S.
741 4425 774 4477 38
793 4428 822 4477 Α.
841 4426 865 4478 4,
932 4424 1018 4492 ⁷Vgl.
1037 4424 1062 4478 S.
1083 4425 1132 4476 477
1153 4425 1183 4477 Α.
1203 4426 1227 4477 5.

97 4493 184 4547 Schon
207 4496 258 4547 scit
278 4494 345 4547 1512
363 4494 435 4559 klugt
454 4493 563 4559 lintion,
582 4495 642 4545 cluss
661 4493 800 4545 Musardns
818 4494 859 4545 oin
879 4493 1008 4552 lotiuner,
1028 4492 1129 4544 Freund
1143 4492 1230 4543 seinos

98 4562 376 4684 Gegnerelntissrsts.
395 4563 429 4615 98
449 4565 477 4615 Α.
497 4562 524 4628 3)
543 4564 587 4616 sei.
660 4561 740 4613 “Der
759 4561 819 4614 nin..
854 4560 954 4614 ulos
975 4561 1052 4612 leh.
1115 4554 1249 4607 “baffi

97 4633 172 4684 ht.
246 4632 470 4685 ¹⁰2..'>O31l.b'.
