2774 4966
558 658 664 722 blutian
683 683 716 721 au
736 664 835 724 Urben.
1235 674 1255 739 3

123 849 158 908 et
179 846 342 926 postremo
365 845 485 905 vestem
509 838 727 920 mundumque
748 861 873 904 omnem
890 842 1074 907 muliebrem
1090 844 1254 909 ademit.“¹

123 930 259 1013 Separat
280 927 437 1011 Ulpianus
461 926 614 990 mundum
647 926 687 989 ab
710 931 907 1003 ornamento,
935 930 1019 1009 quod
1049 929 1116 993 fieri
1146 932 1255 1012 possit,

126 1021 165 1079 ut
186 1016 297 1096 aliqua
319 1015 362 1077 sit
387 1013 513 1089 munda,
538 1034 600 1075 uon
624 1016 729 1074 tamen
754 1018 876 1087 ornata,
906 1019 937 1076 et
960 1037 976 1076 e
999 1016 1146 1079 diverso²
1191 1016 1254 1082 Sed

124 1103 204 1165 baec
228 1101 394 1164 distinctio
417 1100 561 1180 argutior
584 1103 631 1160 est
655 1118 748 1177 quarn
775 1099 885 1171 verior,
916 1122 1012 1181 quum
1041 1102 1124 1185 apud
1155 1105 1254 1185 scrip-

123 1200 210 1251 tores
229 1186 522 1268 praestantissimos
538 1184 674 1246 mundus
692 1184 787 1246 etiam
804 1185 846 1246 sit
861 1193 1056 1250 ornamento,
1098 1188 1252 1264 Quorsum

123 1274 215 1338 ista?
261 1272 330 1336 Meo
354 1271 482 1354 quidem
504 1270 624 1351 judicio
648 1275 793 1350 martyr·
816 1269 869 1331 ille
895 1271 973 1334 vicit.
1001 1274 1152 1337 mundum
1182 1277 1254 1339 uni·

124 1381 252 1423 uersum
286 1359 427 1421 monitus
449 1380 468 1420 a
491 1355 600 1429 Paulo,
629 1360 750 1417 utnon
780 1356 929 1419 seductus
964 1358 1126 1422 elementis
1156 1360 1255 1424 ultra·

125 1445 325 1510 mundanum
349 1445 440 1507 deum
466 1441 706 1522 negligentiusb
737 1442 868 1504 coleret:
900 1443 978 1506 vicit
1000 1466 1092 1509 omne
1116 1447 1254 1510 uitiume

126 1530 366 1616 popularitatis,
391 1530 467 1592 vicit
492 1527 661 1591 muliebres
692 1527 865 1602 illecebras,
894 1529 1044 1593 muudum
1077 1533 1196 1597 scilicet
1224 1538 1256 1595 et

125 1624 326 1682 ornamenta.
373 1614 422 1678 Ob
453 1614 483 1676 id
516 1613 676 1676 laureatus
710 1613 920 1695 triumphavit
949 1616 981 1678 in
1012 1617 1084 1679 aula
1114 1618 1252 1681 coelesti.

128 1705 213 1767 llaec
237 1724 299 1765 non
324 1708 374 1765 est
397 1700 496 1782 polita
518 1698 683 1761 verborum
714 1701 917 1780 constructio,
946 1701 1000 1764 sed
1025 1704 1076 1780 pia
1099 1704 1252 1784 quaedam

126 1788 368 1853 remuneratioe
392 1794 516 1849 tuorum
542 1787 572 1847 in
594 1806 643 1846 rue
668 1784 899 1847 beneficiorum.
945 1786 1025 1849 Nam
1056 1789 1139 1869 quod
1163 1790 1255 1852 aliter

127 1875 318 1957 respondere
343 1872 463 1936 meritis
486 1872 551 1934 tuis
575 1890 637 1932 nou
662 1891 800 1951 possum.
824 1871 920 1935 offero
938 1872 995 1934 tibi
1012 1875 1255 1938 contionatori⁰

127 1966 351 2042 argumentum
387 1958 525 2021 salutare
558 1957 715 2020 contionis
750 1955 898 2019 futurae.³
951 1958 1040 2034 Quod
1074 1966 1179 2024 autern
1214 1961 1254 2024 ad

128 2049 274 2111 inimicos
298 2054 372 2109 tuos
394 2044 522 2119 attinet,
545 2042 609 2105 noli
633 2064 703 2104 cum
728 2043 766 2104 iis
789 2044 965 2124 confligere,
991 2066 1070 2126 quos
1086 2047 1127 2110 ob
1145 2068 1252 2110 eorum

129 2133 359 2216 turpitudinem
395 2131 553 2211 despicere
587 2127 692 2191 debes.
746 2128 849 2191 Habes
883 2131 965 2192 enirn
1002 2132 1102 2195 mulla
1135 2134 1255 2213 ingenii

132 2220 299 2302 praesidia,
323 2217 423 2281 multa
445 2216 565 2279 auxilia
588 2215 759 2288 doctrinae,
784 2215 900 2296 quibus
925 2216 968 2278 illi
992 2239 1082 2299 pares
1105 2240 1253 2282 essenon

132 2311 273 2387 possunt.
317 2304 381 2366 Fac
406 2325 474 2365 meo
497 2301 650 2382 exemplo,
674 2306 709 2364 ut
734 2301 900 2364 maledicta
925 2306 957 2365 et
979 2302 1114 2366 furorem
1137 2304 1254 2386 abjecti

133 2397 165 2453 et
194 2391 305 2472 perditi
332 2389 468 2472 prodigii
497 2387 646 2449 maluisse
673 2386 797 2449 videare
827 2387 954 2451 silentio
985 2388 1128 2471 frangere
1159 2412 1253 2471 quam

137 2477 317 2540 resistendo
367 2475 447 2537 Vale.
495 2472 631 2555 Raptim,
655 2477 823 2554 postquam
847 2478 878 2535 te
902 2474 1011 2536 adesse
1034 2476 1167 2539 arrdivi.⁴

282 2576 343 2630 Cod.
363 2574 430 2628 Frcl.
448 2575 473 2626 9.

144 2713 252 2782 rmus.)
680 2693 708 2756 3.
1076 2713 1134 2780 (vor
1153 2713 1218 2767 1505
1230 2713 1254 2781 a)

502 2819 645 2890 blutian
668 2840 715 2889 an
740 2818 878 2890 Urban.

182 2950 264 3011 (Dant
279 2952 326 3018 sicr
344 2951 437 3004 Butler
454 2950 512 3002 send
529 2949 605 3002 Kobe.
640 2949 764 3002 Beuedr'lrt
782 2949 898 3001 udnsrlrt
915 2949 991 3001 einen
1001 2949 1103 3018 jungeri
1123 2951 1211 3004 Hund.

381 3018 537 3087 Degenlrord
551 3017 697 3086 &affingo
714 3036 779 3071 aum
797 3018 850 3071 aar
867 3023 1000 3084 currerunt.)

181 3133 216 3185 Η.
233 3133 358 3185 Urbano
377 3133 442 3183 divi
458 3131 611 3183 Bernardi
629 3132 781 3183 sacerdoti
800 3137 864 3182 tam
883 3131 974 3182 docto
992 3144 1083 3190 quem
1102 3132 1217 3185 diserto

566 3232 621 3270 suo
639 3221 683 3270 Μ.
700 3218 812 3269 Rufus.

236 3330 265 3392 S.
309 3331 533 3395 iurisconsulti
557 3353 612 3413 pru
636 3353 692 3393 sun
726 3330 855 3393 libidine
883 3330 967 3409 leges
996 3331 1254 3411 interpretantur,

150 3418 281 3498 utsaepa
304 3418 354 3480 lex
378 3419 496 3481 adimat
521 3439 601 3498 quae
632 3417 754 3487 tribuit,
790 3416 901 3496 puniat
928 3437 1008 3497 quae
1033 3416 1134 3497 jubet,
1168 3423 1254 3497 vetet

151 3520 217 3579 quae
248 3504 412 3583 permittit.
457 3503 538 3566 Hinc
571 3503 625 3565 illa
648 3508 736 3564 suut:
770 3501 853 3583 „Ego
883 3501 1052 3564 Scaevolae
1086 3504 1253 3577 assentior,

152 3586 271 3650 altruto
294 3591 457 3666 dissentio,
488 3589 585 3652 Baldo
609 3590 786 3660 consentio,
819 3587 982 3650 Bartholo⁵
1012 3588 1154 3650 accedes
1204 3588 1255 3652 Sic

153 3672 296 3750 opiniones
339 3674 554 3757 opinionibus,
598 3675 724 3738 fraudes
768 3673 1024 3737 cavillationibus
1070 3673 1253 3737 fulciuntur.

154 3754 284 3830 Quorsum
304 3761 401 3825 linec‘?
446 3760 661 3824 Transmisisti
680 3761 827 3842 butyrum
845 3765 876 3821 et
892 3781 1008 3821 caseos,
1054 3758 1131 3821 Mihi
1150 3767 1254 3823 trans·

156 3843 257 3908 mittere
291 3849 494 3930 significabat
527 3847 653 3910 donare.
706 3846 820 3909 Nescio
854 3853 970 3921 tamen,
1004 3867 1044 3907 an
1079 3847 1253 3910 donaveris.

157 3923 254 4014 Perlegi
286 3934 502 3999 transcursim.
527 3942 563 3996 ut
586 3934 681 4000 soleo,
705 3939 736 3994 et
762 3955 798 3995 ne
821 3932 959 3994 villicum
991 3953 1161 3994 remorarer
1184 3934 1254 3996 diu·

156 4013 213 4093 tius,
233 4021 376 4101 respondi
401 4042 495 4102 quam
522 4020 726 4083 velocissime.
773 4017 850 4080 Post
871 4017 961 4098 cujus
984 4017 1105 4080 abitum
1130 4019 1253 4102 culpam

155 4120 330 4187 erroremque
353 4127 530 4188 agnoscens
561 4109 692 4189 primunr
718 4106 769 4166 risi
795 4104 977 4166 domesticis
1006 4105 1170 4184 epistolam
1199 4128 1254 4168 ex-

156 4204 262 4270 ponens,
289 4191 402 4256 deinde
432 4192 617 4273 indignatus
647 4214 715 4255 sum
745 4194 775 4253 et
805 4211 852 4252 me
880 4190 981 4273 ipsum
1014 4191 1164 4271 increpui.
1211 4192 1255 4254 De

204 4343 324 4399 ¹martir.
395 4341 577 4410 bdiligentius
596 4341 669 4395 Tene
740 4341 790 4392 cei
808 4346 838 4393 st.
857 4341 884 4391 ti.

205 4413 212 4443 ¹
228 4411 284 4467 Lis.
304 4411 424 4472 XXXll,
442 4412 484 4466 40.
545 4412 630 4479 ¹Ilig.
649 4409 778 4464 XXXIV.
797 4410 821 4470 2,
843 4409 883 4463 25.
944 4409 954 4438 ³
972 4408 1028 4460 Von
1047 4409 1098 4460 deu
1116 4410 1255 4477 Predigteu

154 4471 245 4548 stitus,
263 4483 307 4535 die
324 4498 354 4535 er
375 4481 412 4534 im
430 4480 535 4534 Kloster
553 4498 586 4534 zu
603 4480 692 4534 hulten
711 4480 791 4536 batte,
814 4480 849 4530 ist
871 4477 1005 4529 rnelulach
1024 4477 1066 4528 die
1086 4477 1163 4542 Reda,
1182 4495 1210 4531 so
1229 4480 1255 4531 in

154 4541 184 4601 ll.
199 4549 236 4604 20.
254 4552 297 4607 38.
368 4553 380 4582 ⁴
397 4550 427 4603 Iu
448 4549 540 4614 (iotha,
558 4566 598 4602 wo
617 4551 664 4602 das
682 4547 785 4601 Klostcr
803 4545 975 4613 Georgenthul
988 4545 1160 4614 Besitzungon
1176 4549 1254 4602 batte.

177 4617 297 4674 ‘anum
314 4620 348 4672 de
365 4618 478 4672 Ubaldis
495 4620 549 4671 und
567 4618 687 4672 Baitolus
705 4619 737 4669 do
755 4617 935 4676 Sassolorratu
956 4614 1120 4668 barbarisehe
1146 4615 1255 4668 Rechts-

150 4683 268 4751 nutries
285 4689 333 4743 des
353 4691 393 4743 lt
412 4687 465 4745 Jh..
484 4688 571 4756 lranfig
589 4690 737 4755 rempottet.
1010 4756 1054 4821 l*
