2774 4966
506 633 611 691 Mutian
629 650 663 689 ar
682 633 841 690 Hartmauu.
1169 638 1230 702 311

109 809 265 885 tractasti,
292 829 438 889 praesens
461 807 493 871 in
517 807 747 872 solemnissima
768 828 885 890 pompa
899 810 1061 888 spectator
1077 808 1234 873 celebrare

108 902 204 978 teque
227 895 403 958 laureatum
425 894 680 976 ornatioremque
695 893 777 956 tiara
793 892 910 957 factum
931 893 1036 958 videre
1053 914 1116 958 non
1134 897 1233 976 potui,

109 983 255 1064 quamvis
289 1001 352 1043 non
385 980 514 1044 omnino
545 979 649 1059 justas
683 978 779 1042 attuli
811 1000 938 1042 causas:
974 980 1082 1060 rogavi
1116 985 1234 1058 tamen,

109 1092 149 1133 ne
172 1067 204 1131 id
227 1072 283 1130 aut
306 1065 518 1147 negligentiae
541 1065 696 1129 tribueres
719 1069 775 1129 aut
799 1065 1001 1147 occupationi
1033 1087 1130 1144 meae,
1162 1088 1235 1130 cum

110 1153 199 1219 nulla
222 1152 298 1216 mihi
321 1155 413 1215 tanta
446 1151 559 1214 debeat
593 1174 662 1215 esse
695 1152 871 1233 occupatio,
908 1173 990 1234 quae
1023 1153 1232 1236 interrumpat

109 1241 169 1305 iter
192 1239 307 1303 amoris
340 1241 371 1300 et
399 1236 623 1300 officiosissimi
658 1258 731 1316 erga
765 1238 983 1317 dignationem
1016 1243 1104 1303 tuam
1138 1244 1234 1322 atque

108 1322 390 1408 obsequentissimi
419 1323 517 1386 animi
547 1323 655 1386 nostri.
702 1323 818 1387 Factus
847 1345 916 1386 sum
950 1324 1063 1388 certior
1085 1347 1105 1388 a
1128 1323 1233 1403 Croto,

108 1414 164 1496 qui
196 1411 286 1475 valde
317 1410 427 1473 doctos
457 1408 605 1472 observat
627 1414 659 1472 et
681 1409 774 1491 pleno
797 1414 922 1491 pectore
946 1410 1039 1490 sapit,
1069 1411 1237 1475 admisisse

108 1506 140 1563 te
162 1502 302 1562 nostram
326 1495 562 1558 excusationem
581 1499 685 1557 mente
701 1517 821 1570 serena,
838 1495 923 1577 quod
940 1501 990 1559 est
1006 1495 1082 1559 mihi
1098 1497 1236 1560 maxime

104 1583 300 1667 jucundum3
325 1603 379 1662 pro
403 1602 466 1661 qua
488 1585 544 1644 tua
568 1581 675 1643 divina
693 1583 862 1645 serenitate
886 1587 917 1644 et
940 1582 1044 1662 gratia
1066 1587 1103 1646 ut
1125 1587 1235 1665 gratus

108 1673 203 1735 homo
226 1669 402 1751 scripturus
424 1686 508 1730 eram
535 1689 554 1730 a
578 1688 673 1747 puero
695 1666 889 1730 recitandam
910 1669 1143 1732 oratiunculam
1161 1691 1236 1733 con·

109 1756 256 1831 vinalem,
290 1754 351 1817 uisi
388 1752 553 1816 consilium
589 1752 647 1814 hoo
680 1773 783 1816 meum
819 1752 978 1816 tabellarii
1012 1754 1156 1818 defectus
1180 1755 1237 1818 im·

108 1842 289 1926 pedivisset.
335 1838 546 1902 Nihilominus
577 1838 722 1902 umbram
753 1839 912 1919 quandam
938 1843 973 1902 ut
995 1841 1107 1922 prime,
1136 1846 1172 1904 ut
1193 1841 1237 1905 ita

108 1930 222 2005 dicam,
245 1925 398 1991 orationis
420 1924 610 1988 lineamenta
626 1924 687 1987 tibi
713 1925 917 1990 dedicamus.¹
957 1924 1006 1989 Me
1022 1931 1129 1990 autem
1144 1933 1234 1994 tuum

110 2038 178 2081 esse
201 2014 346 2078 dubitare
368 2017 401 2075 te
424 2032 487 2075 non
510 2011 668 2074 existimo.

268 2114 328 2168 Cod.
346 2111 412 2165 lhos.
431 2111 490 2164 311.

113 2321 229 2393 (noua.)
637 2300 708 2366 253.
952 2315 986 2385 (n.
1011 2319 1049 2370 13.
1070 2317 1131 2371 Juni
1152 2320 1237 2390 1513.)

444 2428 587 2499 Mutian
611 2449 658 2498 nn
681 2426 900 2498 Hartmonn.

110 2560 222 2625 (Procede
247 2560 303 2611 rrrrd
324 2559 509 2626 Besorrpmrlmr't
533 2559 576 2609 des
599 2558 722 2610 Rodners.
758 2557 830 2610 Neela
849 2557 1106 2611 hmrrrnrlernswerler
1128 2559 1169 2611 uls
1195 2560 1237 2612 die

112 2630 207 2684 Denrut
230 2629 274 2681 (les
298 2628 339 2680 d'ae
358 2628 488 2695 drenow
511 2627 701 2680 collsr'ehenderr
722 2626 844 2692 Brachofs
866 2644 915 2680 rore
946 2626 1094 2694 lifinscnry
1118 2646 1173 2681 war
1195 2629 1237 2683 die

166 2700 209 2751 des
231 2699 381 2751 Gclrh'nlrn.
421 2697 559 2749 Fronrnrer
582 2695 696 2748 ll'rnrsch
715 2697 763 2762 fiir
779 2696 836 2747 eine
850 2696 993 2764 yllirdlr'clre
1011 2697 1177 2765 Regiorum.)

155 2814 217 2863 Pro
236 2824 333 2873 puero
351 2811 391 2861 ad
410 2810 582 2871 principem
600 2811 829 2860 Hertmennum
846 2811 877 2859 in
896 2811 1038 2861 convivio
1057 2812 1193 2862 celebra·

510 2896 627 2945 tissime
647 2893 701 2962 (Μ.
719 2893 839 2960 Ruius).

213 3009 304 3085 Quod
328 3007 452 3090 imperii
477 3006 610 3070 Fuldani
633 3012 744 3087 gentes
767 3006 922 3088 equestris
945 3007 1064 3071 ordinis
1081 3014 1112 3071 et
1128 3009 1235 3091 populi

110 3097 251 3180 pagatim
281 3094 519 3177 oppidatimque
543 3093 602 3156 hoc
624 3098 708 3156 stato
732 3094 946 3156 coronationis
970 3116 1007 3156 ac
1029 3093 1162 3158 solemni
1185 3096 1235 3159 die

110 3181 290 3247 incredibili
321 3179 427 3244 affecti
458 3179 580 3243 laetitia
604 3202 652 3242 me
676 3179 851 3253 hortantur,
879 3185 916 3243 ut
938 3179 1119 3244 celsitudini
1150 3188 1233 3259 tuae,

111 3274 200 3352 pater
240 3266 484 3344 consultissime,
522 3265 677 3347 gratuler:
716 3264 849 3328 facerem
887 3266 1027 3347 prolecto
1073 3267 1236 3345 libentius,

111 3355 271 3418 excitatus
306 3353 464 3416 communi
499 3352 615 3432 gaudio
643 3356 676 3415 et
703 3373 859 3415 consensu
893 3356 925 3414 et
958 3352 1075 3415 eximia
1109 3358 1233 3416 tuorum

112 3441 289 3516 devotione,
323 3439 384 3502 nisi
416 3459 536 3501 mecum
561 3437 729 3500 infantiam
752 3439 784 3501 in
808 3437 867 3500 hac
897 3441 989 3501 tanta
1019 3458 1181 3518 procerum
1204 3445 1237 3503 ct

112 3527 289 3610 principum
307 3525 443 3588 virorum
461 3545 576 3587 corona
592 3527 778 3605 reputarem.
818 3523 879 3586 Sed
897 3524 1005 3586 nativa
1019 3529 1076 3586 tua
1092 3525 1236 3601 comitas,

115 3610 373 3692 incomparabilis
406 3610 616 3673 mansuetudo
652 3615 683 3672 et
717 3609 899 3673 humanitas
931 3630 994 3672 non
1029 3610 1167 3691 vulgaris
1201 3618 1237 3674 ut

112 3699 183 3777 tibi,
223 3696 434 3760 sacratissime
471 3700 569 3778 pater,
608 3695 805 3777 majestatem
841 3701 872 3758 et
905 3694 1040 3776 gratiam
1078 3696 1124 3758 ita
1158 3696 1235 3759 mihi

115 3784 262 3848 fiduciam
287 3783 319 3845 in
344 3782 476 3845 dicendo
500 3782 689 3844 conciliavit.
736 3781 940 3844 Admirantur
967 3803 1076 3844 omnes
1101 3781 1149 3860 (ut
1168 3783 1236 3845 sine

111 3870 199 3934 omni
221 3869 414 3932 adulationis
437 3868 626 3949 suspicione,
649 3866 733 3950 quod
759 3889 863 3931 verum
888 3872 944 3942 est,
962 3869 1121 3948 profitear)
1139 3867 1235 3930 Fran-

114 3978 219 4020 corum
255 3954 406 4036 prinoipis
436 3976 473 4017 ac
504 3959 568 4016 tam
601 3954 694 4030 beati,
729 3958 795 4015 tam
830 3953 992 4036 sapientie,
1027 3959 1092 4017 tam
1128 3955 1235 4034 magni

113 4041 349 4123 Herbipolensis
370 4039 537 4104 antistitis²
555 4061 709 4103 summam
727 4044 758 4102 et
776 4061 844 4102 vere
862 4039 1066 4102 christianam
1085 4040 1234 4121 pietatem

115 4249 168 4298 urst
186 4244 224 4296 im
241 4243 310 4310 Sept.
330 4260 362 4295 zu
381 4242 467 4295 llainz
494 4244 563 4294 stall.
600 4241 648 4292 llit
675 4257 769 4293 unsern
797 4240 900 4293 Briolbu
929 4241 1000 4293 steht
1027 4241 1099 4294 disse
1128 4243 1235 4311 Augabe
1280 4238 1285 4249 '

113 4314 187 4367 nicht
205 4313 232 4364 iu
249 4312 384 4380 Eiuklung.
403 4313 436 4363 du
454 4311 487 4364 M.
506 4311 596 4362 soinon
614 4310 807 4362 liltickuunsch
826 4310 906 4362 sehon
924 4326 966 4361 arn
985 4310 1025 4362 22.
1044 4310 1098 4363 Mai
1110 4311 1162 4378 (ΒΥ.
1174 4313 1235 4372 244)

112 4400 145 4436 an
163 4382 254 4435 Urban
272 4382 370 4441 sondot,
390 4397 434 4432 uni
453 4380 499 4431 ihu
516 4379 600 4431 durch
618 4378 736 4445 l'otrejns
755 4379 823 4431 uach
843 4378 924 4430 l'ulda
938 4396 970 4431 zu
984 4378 1128 4432 besordern.
1159 4381 1235 4432 Auch

113 4450 261 4519 schweigen
284 4450 326 4501 dio
351 4450 436 4501 linet}
462 4465 521 4500 corn
544 4450 613 4513 Sept.
637 4448 701 4498 libor
723 4447 764 4499 die
788 4447 1001 4515 Angelegenhoit.
1038 4448 1095 4516 vgl.
1115 4448 1157 4502 Br.
1176 4450 1233 4503 306Ι

114 4520 211 4589 ¹Folg.
241 4519 377 4572 Nurnnror.
448 4518 573 4569 '²lnronc
594 4533 643 4567 von
662 4516 741 4569 Bibra
768 4516 967 4584 (isso-lpus).
1005 4517 1040 4569 Er
1067 4517 1167 4586 vollzog
1196 4517 1235 4571 uls

112 4588 249 4658 Suffrsgau
274 4589 320 4640 des
342 4588 416 4640 Erzb.
436 4604 460 4638 r.
480 4586 565 4638 llaiuz
584 4585 611 4636 in
630 4586 783 4650 ‹Jegsnwart
809 4586 855 4638 der
881 4586 950 4638 Abte
979 4585 1087 4654 Volpert
1112 4586 1234 4639 Riedesel

113 4675 138 4714 v.
152 4655 274 4711 Hersfeld
293 4657 346 4709 und
365 4656 495 4709 Christian
513 4672 538 4708 v.
557 4652 731 4708 Scldiichtom
743 4654 897 4707 dieWoihe.
927 4653 975 4707 Als
986 4655 1060 4708 boses
1072 4655 1234 4708 Vorzeiohen
