<?xml version="1.0" encoding="UTF-8"?>
<!DOCTYPE html PUBLIC "-//W3C//DTD XHTML 1.0 Transitional//EN"
    "http://www.w3.org/TR/xhtml1/DTD/xhtml1-transitional.dtd">
<html xmlns="http://www.w3.org/1999/xhtml" xml:lang="en" lang="en">
 <head>
  <title>
</title>
<meta http-equiv="Content-Type" content="text/html;charset=utf-8" />
  <meta name='ocr-system' content='tesseract 3.04.00' />
  <meta name='ocr-capabilities' content='ocr_page ocr_carea ocr_par ocr_line ocrx_word'/>
</head>
<body>
  <div class='ocr_page' id='page_1' title='image "./derbriefwechsel00kraugoog_0248.png"; bbox 0 0 2774 4966; ppageno 0'>
   <div class='ocr_carea' id='block_1_1' title="bbox 512 603 1230 676">
    <p class='ocr_par' dir='ltr' id='par_1_1' title="bbox 512 603 1230 676">
     <span class='ocr_line' id='line_1_1' title="bbox 512 603 1230 676; baseline 0.013 -14"><span class='ocrx_word' id='word_1_1' title='bbox 512 603 620 663; x_wconf 73' lang='lat' dir='ltr'>Matisa</span> <span class='ocrx_word' id='word_1_2' title='bbox 638 624 673 662; x_wconf 88' lang='lat' dir='ltr'>an</span> <span class='ocrx_word' id='word_1_3' title='bbox 691 607 820 664; x_wconf 86' lang='lat' dir='ltr'>Harbord.</span> <span class='ocrx_word' id='word_1_4' title='bbox 1167 606 1230 676; x_wconf 76' lang='lat'>161</span> 
     </span>
    </p>
   </div>
   <div class='ocr_carea' id='block_1_2' title="bbox 124 779 1231 3583">
    <p class='ocr_par' dir='ltr' id='par_1_2' title="bbox 124 779 1231 3583">
     <span class='ocr_line' id='line_1_2' title="bbox 124 779 1231 862; baseline 0.004 -21"><span class='ocrx_word' id='word_1_5' title='bbox 124 783 256 861; x_wconf 81' lang='lat' dir='ltr'>spargunt</span> <span class='ocrx_word' id='word_1_6' title='bbox 277 782 448 861; x_wconf 83' lang='lat' dir='ltr'>ceteraque</span> <span class='ocrx_word' id='word_1_7' title='bbox 469 800 577 844; x_wconf 87' lang='lat' dir='ltr'>eorum</span> <span class='ocrx_word' id='word_1_8' title='bbox 599 779 787 858; x_wconf 90' lang='lat' dir='ltr'>ministeria,</span> <span class='ocrx_word' id='word_1_9' title='bbox 811 779 866 862; x_wconf 92' lang='lat' dir='ltr'>qui</span> <span class='ocrx_word' id='word_1_10' title='bbox 889 781 1117 846; x_wconf 76' lang='lat' dir='ltr'>certaminibus</span> <span class='ocrx_word' id='word_1_11' title='bbox 1133 783 1231 847; x_wconf 91' lang='lat' dir='ltr'>sacris</span> 
     </span>
     <span class='ocr_line' id='line_1_3' title="bbox 124 862 1230 949; baseline 0.005 -23"><span class='ocrx_word' id='word_1_12' title='bbox 124 862 291 942; x_wconf 74' lang='lat' dir='ltr'>decernunt,</span> <span class='ocrx_word' id='word_1_13' title='bbox 306 864 511 946; x_wconf 80' lang='lat' dir='ltr'>ignominiosi</span> <span class='ocrx_word' id='word_1_14' title='bbox 529 864 736 927; x_wconf 85' lang='lat' dir='ltr'>habeantur.“</span> <span class='ocrx_word' id='word_1_15' title='bbox 757 865 962 949; x_wconf 84' lang='lat' dir='ltr'>Quaerie,qui</span> <span class='ocrx_word' id='word_1_16' title='bbox 976 869 1040 929; x_wconf 92' lang='lat' dir='ltr'>sint</span> <span class='ocrx_word' id='word_1_17' title='bbox 1056 869 1230 948; x_wconf 77' lang='lat' dir='ltr'>agitatores</span> 
     </span>
     <span class='ocr_line' id='line_1_4' title="bbox 124 948 1230 1033; baseline 0.004 -23"><span class='ocrx_word' id='word_1_18' title='bbox 124 948 197 1026; x_wconf 81' lang='lat' dir='ltr'>quire</span> <span class='ocrx_word' id='word_1_19' title='bbox 217 954 371 1033; x_wconf 80' lang='lat' dir='ltr'>spargant</span> <span class='ocrx_word' id='word_1_20' title='bbox 393 970 510 1029; x_wconf 91' lang='lat' dir='ltr'>aquam</span> <span class='ocrx_word' id='word_1_21' title='bbox 533 950 632 1030; x_wconf 91' lang='lat' dir='ltr'>equis.</span> <span class='ocrx_word' id='word_1_22' title='bbox 679 949 739 1011; x_wconf 88' lang='lat' dir='ltr'>Per</span> <span class='ocrx_word' id='word_1_23' title='bbox 761 951 935 1030; x_wconf 77' lang='lat' dir='ltr'>agitatores</span> <span class='ocrx_word' id='word_1_24' title='bbox 965 952 1150 1031; x_wconf 81' lang='lat' dir='ltr'>aurigantes</span> <span class='ocrx_word' id='word_1_25' title='bbox 1180 953 1230 1014; x_wconf 73' lang='lat' dir='ltr'>in-</span> 
     </span>
     <span class='ocr_line' id='line_1_5' title="bbox 124 1032 1229 1117; baseline 0.006 -25"><span class='ocrx_word' id='word_1_26' title='bbox 124 1032 216 1114; x_wconf 85' lang='lat' dir='ltr'>tellige.</span> <span class='ocrx_word' id='word_1_27' title='bbox 259 1032 375 1098; x_wconf 82' lang='lat' dir='ltr'>Fiebat</span> <span class='ocrx_word' id='word_1_28' title='bbox 390 1036 422 1097; x_wconf 91' lang='lat' dir='ltr'>in</span> <span class='ocrx_word' id='word_1_29' title='bbox 440 1034 631 1116; x_wconf 81' lang='lat' dir='ltr'>spectaculis</span> <span class='ocrx_word' id='word_1_30' title='bbox 654 1035 775 1117; x_wconf 85' lang='lat' dir='ltr'>sparsio</span> <span class='ocrx_word' id='word_1_31' title='bbox 799 1035 933 1115; x_wconf 91' lang='lat' dir='ltr'>liquoris</span> <span class='ocrx_word' id='word_1_32' title='bbox 957 1036 1090 1099; x_wconf 89' lang='lat' dir='ltr'>odorati.</span> <span class='ocrx_word' id='word_1_33' title='bbox 1130 1036 1229 1100; x_wconf 80' lang='lat' dir='ltr'>Erant</span> 
     </span>
     <span class='ocr_line' id='line_1_6' title="bbox 125 1116 1229 1201; baseline 0.007 -25"><span class='ocrx_word' id='word_1_34' title='bbox 125 1116 206 1196; x_wconf 84' lang='lat' dir='ltr'>igitur,</span> <span class='ocrx_word' id='word_1_35' title='bbox 237 1119 525 1200; x_wconf 78' lang='lat' dir='ltr'>quiodoratorias</span> <span class='ocrx_word' id='word_1_36' title='bbox 557 1139 657 1198; x_wconf 86' lang='lat' dir='ltr'>aquas</span> <span class='ocrx_word' id='word_1_37' title='bbox 691 1120 722 1181; x_wconf 90' lang='lat' dir='ltr'>in</span> <span class='ocrx_word' id='word_1_38' title='bbox 756 1119 839 1181; x_wconf 92' lang='lat' dir='ltr'>ludis</span> <span class='ocrx_word' id='word_1_39' title='bbox 872 1125 1066 1201; x_wconf 81' lang='lat' dir='ltr'>spargerent.</span> <span class='ocrx_word' id='word_1_40' title='bbox 1112 1119 1229 1184; x_wconf 87' lang='lat' dir='ltr'>Notavi</span> 
     </span>
     <span class='ocr_line' id='line_1_7' title="bbox 126 1200 1229 1287; baseline 0.006 -26"><span class='ocrx_word' id='word_1_41' title='bbox 126 1201 170 1263; x_wconf 90' lang='lat' dir='ltr'>tibi</span> <span class='ocrx_word' id='word_1_42' title='bbox 187 1202 282 1267; x_wconf 85' lang='lat' dir='ltr'>locum</span> <span class='ocrx_word' id='word_1_43' title='bbox 308 1203 340 1266; x_wconf 96' lang='lat' dir='ltr'>in</span> <span class='ocrx_word' id='word_1_44' title='bbox 364 1200 533 1284; x_wconf 84' lang='lat' dir='ltr'>Caligula.¹</span> <span class='ocrx_word' id='word_1_45' title='bbox 582 1203 634 1266; x_wconf 85' lang='lat' dir='ltr'>Vel</span> <span class='ocrx_word' id='word_1_46' title='bbox 665 1205 840 1285; x_wconf 79' lang='lat' dir='ltr'>agitatores</span> <span class='ocrx_word' id='word_1_47' title='bbox 862 1209 948 1281; x_wconf 88' lang='lat' dir='ltr'>sunt,</span> <span class='ocrx_word' id='word_1_48' title='bbox 971 1206 1026 1286; x_wconf 91' lang='lat' dir='ltr'>qui</span> <span class='ocrx_word' id='word_1_49' title='bbox 1056 1226 1111 1287; x_wconf 91' lang='lat' dir='ltr'>per</span> <span class='ocrx_word' id='word_1_50' title='bbox 1141 1210 1229 1269; x_wconf 87' lang='lat' dir='ltr'>cata-</span> 
     </span>
     <span class='ocr_line' id='line_1_8' title="bbox 126 1284 1229 1370; baseline 0.006 -24"><span class='ocrx_word' id='word_1_51' title='bbox 126 1284 241 1352; x_wconf 86' lang='lat' dir='ltr'>dromum</span> <span class='ocrx_word' id='word_1_52' title='bbox 263 1289 446 1366; x_wconf 88' lang='lat' dir='ltr'>decurrunt,</span> <span class='ocrx_word' id='word_1_53' title='bbox 470 1288 508 1351; x_wconf 91' lang='lat' dir='ltr'>de</span> <span class='ocrx_word' id='word_1_54' title='bbox 531 1310 594 1369; x_wconf 90' lang='lat' dir='ltr'>qua</span> <span class='ocrx_word' id='word_1_55' title='bbox 617 1289 804 1351; x_wconf 84' lang='lat' dir='ltr'>decursione</span> <span class='ocrx_word' id='word_1_56' title='bbox 826 1288 968 1369; x_wconf 91' lang='lat' dir='ltr'>loquitur</span> <span class='ocrx_word' id='word_1_57' title='bbox 980 1289 1229 1370; x_wconf 90' lang='lat' dir='ltr'>jurisconsultus</span> 
     </span>
     <span class='ocr_line' id='line_1_9' title="bbox 126 1368 1230 1456; baseline 0.008 -27"><span class='ocrx_word' id='word_1_58' title='bbox 126 1368 150 1430; x_wconf 91' lang='lat' dir='ltr'>in</span> <span class='ocrx_word' id='word_1_59' title='bbox 162 1373 240 1437; x_wconf 91' lang='lat' dir='ltr'>titulo</span> <span class='ocrx_word' id='word_1_60' title='bbox 256 1372 522 1455; x_wconf 80' lang='lat' dir='ltr'>„Deactiouibus</span> <span class='ocrx_word' id='word_1_61' title='bbox 538 1371 662 1436; x_wconf 65' lang='lat' dir='ltr'>emtif‘l</span> <span class='ocrx_word' id='word_1_62' title='bbox 683 1372 763 1436; x_wconf 89' lang='lat' dir='ltr'>Nam</span> <span class='ocrx_word' id='word_1_63' title='bbox 781 1373 896 1437; x_wconf 89' lang='lat' dir='ltr'>diversi</span> <span class='ocrx_word' id='word_1_64' title='bbox 914 1373 980 1437; x_wconf 90' lang='lat' dir='ltr'>ludi</span> <span class='ocrx_word' id='word_1_65' title='bbox 996 1377 1072 1437; x_wconf 90' lang='lat' dir='ltr'>sunt</span> <span class='ocrx_word' id='word_1_66' title='bbox 1084 1374 1230 1456; x_wconf 88' lang='lat' dir='ltr'>bigarum</span> 
     </span>
     <span class='ocr_line' id='line_1_10' title="bbox 127 1457 1227 1540; baseline 0.005 -23"><span class='ocrx_word' id='word_1_67' title='bbox 127 1457 385 1540; x_wconf 86' lang='lat' dir='ltr'>quadrigarumque</span> <span class='ocrx_word' id='word_1_68' title='bbox 407 1462 440 1521; x_wconf 90' lang='lat' dir='ltr'>et</span> <span class='ocrx_word' id='word_1_69' title='bbox 463 1458 694 1521; x_wconf 89' lang='lat' dir='ltr'>decursionum.</span> <span class='ocrx_word' id='word_1_70' title='bbox 740 1458 775 1519; x_wconf 89' lang='lat' dir='ltr'>lu</span> <span class='ocrx_word' id='word_1_71' title='bbox 799 1460 882 1521; x_wconf 89' lang='lat' dir='ltr'>circo</span> <span class='ocrx_word' id='word_1_72' title='bbox 905 1459 1030 1523; x_wconf 89' lang='lat' dir='ltr'>curules</span> <span class='ocrx_word' id='word_1_73' title='bbox 1060 1459 1127 1522; x_wconf 89' lang='lat' dir='ltr'>ludi</span> <span class='ocrx_word' id='word_1_74' title='bbox 1154 1460 1227 1523; x_wconf 86' lang='lat' dir='ltr'>ede-</span> 
     </span>
     <span class='ocr_line' id='line_1_11' title="bbox 129 1535 1231 1624; baseline 0.007 -24"><span class='ocrx_word' id='word_1_75' title='bbox 129 1535 226 1606; x_wconf 87' lang='lat' dir='ltr'>bautnr.</span> <span class='ocrx_word' id='word_1_76' title='bbox 269 1541 405 1607; x_wconf 87' lang='lat' dir='ltr'>Scenica</span> <span class='ocrx_word' id='word_1_77' title='bbox 428 1548 460 1605; x_wconf 89' lang='lat' dir='ltr'>et</span> <span class='ocrx_word' id='word_1_78' title='bbox 482 1543 669 1606; x_wconf 89' lang='lat' dir='ltr'>histrionica</span> <span class='ocrx_word' id='word_1_79' title='bbox 700 1542 869 1624; x_wconf 88' lang='lat' dir='ltr'>disciplina</span> <span class='ocrx_word' id='word_1_80' title='bbox 899 1544 959 1606; x_wconf 90' lang='lat' dir='ltr'>etsi</span> <span class='ocrx_word' id='word_1_81' title='bbox 992 1543 1114 1607; x_wconf 81' lang='lat' dir='ltr'>famosa</span> <span class='ocrx_word' id='word_1_82' title='bbox 1147 1550 1231 1608; x_wconf 89' lang='lat' dir='ltr'>esset</span> 
     </span>
     <span class='ocr_line' id='line_1_12' title="bbox 129 1625 1228 1711; baseline 0.008 -27"><span class='ocrx_word' id='word_1_83' title='bbox 129 1625 324 1711; x_wconf 85' lang='lat' dir='ltr'>probrosaque,</span> <span class='ocrx_word' id='word_1_84' title='bbox 355 1628 529 1707; x_wconf 87' lang='lat' dir='ltr'>agitatores</span> <span class='ocrx_word' id='word_1_85' title='bbox 552 1633 657 1691; x_wconf 90' lang='lat' dir='ltr'>tamen</span> <span class='ocrx_word' id='word_1_86' title='bbox 683 1628 714 1689; x_wconf 91' lang='lat' dir='ltr'>in</span> <span class='ocrx_word' id='word_1_87' title='bbox 739 1649 828 1691; x_wconf 86' lang='lat' dir='ltr'>sacro</span> <span class='ocrx_word' id='word_1_88' title='bbox 859 1629 1031 1691; x_wconf 87' lang='lat' dir='ltr'>cartamine</span> <span class='ocrx_word' id='word_1_89' title='bbox 1054 1629 1086 1691; x_wconf 88' lang='lat' dir='ltr'>id</span> <span class='ocrx_word' id='word_1_90' title='bbox 1109 1633 1157 1693; x_wconf 86' lang='lat' dir='ltr'>est</span> <span class='ocrx_word' id='word_1_91' title='bbox 1180 1631 1228 1693; x_wconf 90' lang='lat' dir='ltr'>vel</span> 
     </span>
     <span class='ocr_line' id='line_1_13' title="bbox 129 1708 1228 1795; baseline 0.008 -27"><span class='ocrx_word' id='word_1_92' title='bbox 129 1708 206 1774; x_wconf 88' lang='lat' dir='ltr'>instar</span> <span class='ocrx_word' id='word_1_93' title='bbox 222 1713 403 1794; x_wconf 86' lang='lat' dir='ltr'>aurigarum</span> <span class='ocrx_word' id='word_1_94' title='bbox 428 1733 537 1776; x_wconf 87' lang='lat' dir='ltr'>currus</span> <span class='ocrx_word' id='word_1_95' title='bbox 560 1719 706 1794; x_wconf 88' lang='lat' dir='ltr'>regentes</span> <span class='ocrx_word' id='word_1_96' title='bbox 730 1711 778 1774; x_wconf 83' lang='lat' dir='ltr'>vel</span> <span class='ocrx_word' id='word_1_97' title='bbox 802 1717 964 1792; x_wconf 89' lang='lat' dir='ltr'>equestres</span> <span class='ocrx_word' id='word_1_98' title='bbox 988 1719 1045 1776; x_wconf 88' lang='lat' dir='ltr'>aut</span> <span class='ocrx_word' id='word_1_99' title='bbox 1067 1714 1228 1795; x_wconf 85' lang='lat' dir='ltr'>pedestres</span> 
     </span>
     <span class='ocr_line' id='line_1_14' title="bbox 129 1790 1229 1880; baseline 0.005 -23"><span class='ocrx_word' id='word_1_100' title='bbox 129 1790 279 1862; x_wconf 72' lang='lat' dir='ltr'>laureatas</span> <span class='ocrx_word' id='word_1_101' title='bbox 306 1798 442 1861; x_wconf 85' lang='lat' dir='ltr'>infames</span> <span class='ocrx_word' id='word_1_102' title='bbox 466 1819 529 1861; x_wconf 91' lang='lat' dir='ltr'>non</span> <span class='ocrx_word' id='word_1_103' title='bbox 554 1803 654 1875; x_wconf 90' lang='lat' dir='ltr'>erant,</span> <span class='ocrx_word' id='word_1_104' title='bbox 686 1818 788 1878; x_wconf 86' lang='lat' dir='ltr'>neque</span> <span class='ocrx_word' id='word_1_105' title='bbox 810 1798 833 1860; x_wconf 93' lang='lat' dir='ltr'>ii</span> <span class='ocrx_word' id='word_1_106' title='bbox 856 1798 910 1880; x_wconf 88' lang='lat' dir='ltr'>qui</span> <span class='ocrx_word' id='word_1_107' title='bbox 935 1799 966 1860; x_wconf 90' lang='lat' dir='ltr'>in</span> <span class='ocrx_word' id='word_1_108' title='bbox 991 1798 1229 1880; x_wconf 87' lang='lat' dir='ltr'>amphitheatro</span> 
     </span>
     <span class='ocr_line' id='line_1_15' title="bbox 130 1877 1230 1964; baseline 0.01 -27"><span class='ocrx_word' id='word_1_109' title='bbox 130 1877 207 1944; x_wconf 89' lang='lat' dir='ltr'>solum</span> <span class='ocrx_word' id='word_1_110' title='bbox 225 1888 257 1946; x_wconf 89' lang='lat' dir='ltr'>et</span> <span class='ocrx_word' id='word_1_111' title='bbox 277 1882 429 1947; x_wconf 83' lang='lat' dir='ltr'>subsellia</span> <span class='ocrx_word' id='word_1_112' title='bbox 452 1883 545 1964; x_wconf 89' lang='lat' dir='ltr'>aquis</span> <span class='ocrx_word' id='word_1_113' title='bbox 573 1882 679 1946; x_wconf 89' lang='lat' dir='ltr'>odoris</span> <span class='ocrx_word' id='word_1_114' title='bbox 711 1890 958 1964; x_wconf 88' lang='lat' dir='ltr'>perspergerent.</span> <span class='ocrx_word' id='word_1_115' title='bbox 1005 1883 1230 1964; x_wconf 87' lang='lat' dir='ltr'>Designatores</span> 
     </span>
     <span class='ocr_line' id='line_1_16' title="bbox 130 1967 1230 2050; baseline 0.006 -27"><span class='ocrx_word' id='word_1_116' title='bbox 130 1969 185 2028; x_wconf 82' lang='lat' dir='ltr'>sunt</span> <span class='ocrx_word' id='word_1_117' title='bbox 203 1973 358 2032; x_wconf 90' lang='lat' dir='ltr'>curatores</span> <span class='ocrx_word' id='word_1_118' title='bbox 381 1967 528 2032; x_wconf 83' lang='lat' dir='ltr'>funerum</span> <span class='ocrx_word' id='word_1_119' title='bbox 546 1969 565 2030; x_wconf 92' lang='lat' dir='ltr'>i.</span> <span class='ocrx_word' id='word_1_120' title='bbox 583 1990 609 2029; x_wconf 88' lang='lat' dir='ltr'>e.</span> <span class='ocrx_word' id='word_1_121' title='bbox 634 1968 809 2044; x_wconf 78' lang='lat' dir='ltr'>libitinarii,</span> <span class='ocrx_word' id='word_1_122' title='bbox 834 1967 1040 2050; x_wconf 89' lang='lat' dir='ltr'>pollinctores</span> <span class='ocrx_word' id='word_1_123' title='bbox 1058 1968 1106 2031; x_wconf 90' lang='lat' dir='ltr'>vel</span> <span class='ocrx_word' id='word_1_124' title='bbox 1123 1970 1230 2050; x_wconf 86' lang='lat' dir='ltr'>potius</span> 
     </span>
     <span class='ocr_line' id='line_1_17' title="bbox 130 2050 1230 2134; baseline 0.008 -25"><span class='ocrx_word' id='word_1_125' title='bbox 130 2050 250 2124; x_wconf 85' lang='lat' dir='ltr'>praelecti</span> <span class='ocrx_word' id='word_1_126' title='bbox 272 2053 419 2117; x_wconf 87' lang='lat' dir='ltr'>ludorum</span> <span class='ocrx_word' id='word_1_127' title='bbox 442 2052 635 2128; x_wconf 82' lang='lat' dir='ltr'>funebrium,</span> <span class='ocrx_word' id='word_1_128' title='bbox 659 2053 714 2134; x_wconf 90' lang='lat' dir='ltr'>qui</span> <span class='ocrx_word' id='word_1_129' title='bbox 737 2057 837 2116; x_wconf 88' lang='lat' dir='ltr'>artem</span> <span class='ocrx_word' id='word_1_130' title='bbox 854 2053 1008 2117; x_wconf 87' lang='lat' dir='ltr'>ludicram</span> <span class='ocrx_word' id='word_1_131' title='bbox 1026 2075 1088 2117; x_wconf 91' lang='lat' dir='ltr'>non</span> <span class='ocrx_word' id='word_1_132' title='bbox 1107 2053 1230 2118; x_wconf 86' lang='lat' dir='ltr'>faciunt</span> 
     </span>
     <span class='ocr_line' id='line_1_18' title="bbox 132 2136 1230 2220; baseline 0.003 -20"><span class='ocrx_word' id='word_1_133' title='bbox 132 2139 229 2201; x_wconf 61' lang='lat' dir='ltr'>auctore</span> <span class='ocrx_word' id='word_1_134' title='bbox 262 2137 396 2220; x_wconf 89' lang='lat' dir='ltr'>Ulpiano</span> <span class='ocrx_word' id='word_1_135' title='bbox 421 2143 453 2202; x_wconf 88' lang='lat' dir='ltr'>et</span> <span class='ocrx_word' id='word_1_136' title='bbox 475 2136 578 2215; x_wconf 87' lang='lat' dir='ltr'>Celso,</span> <span class='ocrx_word' id='word_1_137' title='bbox 613 2138 668 2200; x_wconf 88' lang='lat' dir='ltr'>sed</span> <span class='ocrx_word' id='word_1_138' title='bbox 703 2139 914 2202; x_wconf 90' lang='lat' dir='ltr'>ministerium</span> <span class='ocrx_word' id='word_1_139' title='bbox 951 2143 1100 2202; x_wconf 87' lang='lat' dir='ltr'>exercent</span> <span class='ocrx_word' id='word_1_140' title='bbox 1133 2145 1230 2219; x_wconf 88' lang='lat' dir='ltr'>atque</span> 
     </span>
     <span class='ocr_line' id='line_1_19' title="bbox 131 2212 1231 2306; baseline 0.005 -26"><span class='ocrx_word' id='word_1_141' title='bbox 131 2212 182 2280; x_wconf 83' lang='lat' dir='ltr'>ideo</span> <span class='ocrx_word' id='word_1_142' title='bbox 202 2222 328 2287; x_wconf 81' lang='lat' dir='ltr'>infamia</span> <span class='ocrx_word' id='word_1_143' title='bbox 358 2244 422 2286; x_wconf 92' lang='lat' dir='ltr'>non</span> <span class='ocrx_word' id='word_1_144' title='bbox 455 2228 616 2287; x_wconf 87' lang='lat' dir='ltr'>notantur.</span> <span class='ocrx_word' id='word_1_145' title='bbox 662 2221 782 2286; x_wconf 89' lang='lat' dir='ltr'>Scribit</span> <span class='ocrx_word' id='word_1_146' title='bbox 808 2221 985 2299; x_wconf 88' lang='lat' dir='ltr'>Marcellus,</span> <span class='ocrx_word' id='word_1_147' title='bbox 1015 2221 1115 2306; x_wconf 81' lang='lat' dir='ltr'>quod³</span> <span class='ocrx_word' id='word_1_148' title='bbox 1147 2225 1231 2288; x_wconf 89' lang='lat' dir='ltr'>ictus</span> 
     </span>
     <span class='ocr_line' id='line_1_20' title="bbox 134 2297 1230 2391; baseline 0.005 -25"><span class='ocrx_word' id='word_1_149' title='bbox 134 2297 235 2371; x_wconf 79' lang='lat' dir='ltr'>fustium</span> <span class='ocrx_word' id='word_1_150' title='bbox 258 2307 422 2372; x_wconf 84' lang='lat' dir='ltr'>infamiam</span> <span class='ocrx_word' id='word_1_151' title='bbox 447 2330 510 2372; x_wconf 93' lang='lat' dir='ltr'>non</span> <span class='ocrx_word' id='word_1_152' title='bbox 535 2309 696 2391; x_wconf 92' lang='lat' dir='ltr'>importet,</span> <span class='ocrx_word' id='word_1_153' title='bbox 727 2309 781 2370; x_wconf 91' lang='lat' dir='ltr'>sed</span> <span class='ocrx_word' id='word_1_154' title='bbox 805 2330 901 2372; x_wconf 84' lang='lat' dir='ltr'>causa</span> <span class='ocrx_word' id='word_1_155' title='bbox 924 2314 1052 2391; x_wconf 90' lang='lat' dir='ltr'>propter</span> <span class='ocrx_word' id='word_1_156' title='bbox 1081 2331 1174 2389; x_wconf 90' lang='lat' dir='ltr'>quam</span> <span class='ocrx_word' id='word_1_157' title='bbox 1199 2310 1230 2372; x_wconf 95' lang='lat' dir='ltr'>id</span> 
     </span>
     <span class='ocr_line' id='line_1_21' title="bbox 134 2389 1230 2475; baseline 0.008 -26"><span class='ocrx_word' id='word_1_158' title='bbox 134 2389 182 2463; x_wconf 82' lang='lat' dir='ltr'>pati</span> <span class='ocrx_word' id='word_1_159' title='bbox 194 2392 327 2457; x_wconf 69' lang='lat' dir='ltr'>meruit.⁴</span> <span class='ocrx_word' id='word_1_160' title='bbox 362 2394 448 2457; x_wconf 87' lang='lat' dir='ltr'>llaec</span> <span class='ocrx_word' id='word_1_161' title='bbox 470 2395 640 2475; x_wconf 88' lang='lat' dir='ltr'>castigatio</span> <span class='ocrx_word' id='word_1_162' title='bbox 657 2398 788 2456; x_wconf 85' lang='lat' dir='ltr'>vocatur</span> <span class='ocrx_word' id='word_1_163' title='bbox 804 2394 1004 2457; x_wconf 87' lang='lat' dir='ltr'>fustuarium.</span> <span class='ocrx_word' id='word_1_164' title='bbox 1044 2394 1104 2470; x_wconf 83' lang='lat' dir='ltr'>Qui</span> <span class='ocrx_word' id='word_1_165' title='bbox 1120 2395 1230 2458; x_wconf 87' lang='lat' dir='ltr'>relicto</span> 
     </span>
     <span class='ocr_line' id='line_1_22' title="bbox 134 2478 1230 2564; baseline 0.006 -30"><span class='ocrx_word' id='word_1_166' title='bbox 134 2478 258 2564; x_wconf 73' lang='lat' dir='ltr'>praesidio</span> <span class='ocrx_word' id='word_1_167' title='bbox 280 2479 390 2560; x_wconf 86' lang='lat' dir='ltr'>fugam</span> <span class='ocrx_word' id='word_1_168' title='bbox 414 2479 560 2560; x_wconf 86' lang='lat' dir='ltr'>capessit,</span> <span class='ocrx_word' id='word_1_169' title='bbox 586 2478 776 2541; x_wconf 82' lang='lat' dir='ltr'>fustuarium</span> <span class='ocrx_word' id='word_1_170' title='bbox 794 2484 940 2542; x_wconf 87' lang='lat' dir='ltr'>meretur.</span> <span class='ocrx_word' id='word_1_171' title='bbox 987 2479 1076 2543; x_wconf 88' lang='lat' dir='ltr'>Scias</span> <span class='ocrx_word' id='word_1_172' title='bbox 1093 2480 1125 2541; x_wconf 94' lang='lat' dir='ltr'>in</span> <span class='ocrx_word' id='word_1_173' title='bbox 1143 2481 1230 2543; x_wconf 91' lang='lat' dir='ltr'>omni</span> 
     </span>
     <span class='ocr_line' id='line_1_23' title="bbox 135 2552 1230 2645; baseline 0.014 -32"><span class='ocrx_word' id='word_1_174' title='bbox 135 2552 173 2616; x_wconf 82' lang='lat' dir='ltr'>lile</span> <span class='ocrx_word' id='word_1_175' title='bbox 194 2583 311 2627; x_wconf 88' lang='lat' dir='ltr'>causam</span> <span class='ocrx_word' id='word_1_176' title='bbox 345 2585 413 2627; x_wconf 87' lang='lat' dir='ltr'>esse</span> <span class='ocrx_word' id='word_1_177' title='bbox 443 2564 659 2645; x_wconf 84' lang='lat' dir='ltr'>spectandam.</span> <span class='ocrx_word' id='word_1_178' title='bbox 706 2561 817 2627; x_wconf 92' lang='lat' dir='ltr'>Omnis</span> <span class='ocrx_word' id='word_1_179' title='bbox 841 2570 948 2627; x_wconf 91' lang='lat' dir='ltr'>autem</span> <span class='ocrx_word' id='word_1_180' title='bbox 971 2587 1068 2627; x_wconf 90' lang='lat' dir='ltr'>causa</span> <span class='ocrx_word' id='word_1_181' title='bbox 1091 2571 1148 2628; x_wconf 90' lang='lat' dir='ltr'>aut</span> <span class='ocrx_word' id='word_1_182' title='bbox 1171 2566 1230 2628; x_wconf 94' lang='lat' dir='ltr'>im-</span> 
     </span>
     <span class='ocr_line' id='line_1_24' title="bbox 135 2639 1230 2728; baseline 0.011 -27"><span class='ocrx_word' id='word_1_183' title='bbox 135 2639 228 2716; x_wconf 86' lang='lat' dir='ltr'>pulsiva</span> <span class='ocrx_word' id='word_1_184' title='bbox 248 2653 307 2725; x_wconf 86' lang='lat' dir='ltr'>est,</span> <span class='ocrx_word' id='word_1_185' title='bbox 330 2652 368 2712; x_wconf 86' lang='lat' dir='ltr'>ut</span> <span class='ocrx_word' id='word_1_186' title='bbox 390 2648 445 2725; x_wconf 86' lang='lat' dir='ltr'>ira,</span> <span class='ocrx_word' id='word_1_187' title='bbox 469 2649 588 2715; x_wconf 78' lang='lat' dir='ltr'>odium.</span> <span class='ocrx_word' id='word_1_188' title='bbox 611 2653 667 2711; x_wconf 89' lang='lat' dir='ltr'>aut</span> <span class='ocrx_word' id='word_1_189' title='bbox 690 2649 893 2727; x_wconf 86' lang='lat' dir='ltr'>rationativa,</span> <span class='ocrx_word' id='word_1_190' title='bbox 917 2655 954 2712; x_wconf 87' lang='lat' dir='ltr'>ut</span> <span class='ocrx_word' id='word_1_191' title='bbox 976 2650 1108 2728; x_wconf 89' lang='lat' dir='ltr'>lucrum,</span> <span class='ocrx_word' id='word_1_192' title='bbox 1140 2650 1230 2713; x_wconf 90' lang='lat' dir='ltr'>here-</span> 
     </span>
     <span class='ocr_line' id='line_1_25' title="bbox 135 2720 1228 2811; baseline 0.015 -29"><span class='ocrx_word' id='word_1_193' title='bbox 135 2720 201 2792; x_wconf 87' lang='lat' dir='ltr'>ditas.</span> <span class='ocrx_word' id='word_1_194' title='bbox 239 2733 405 2797; x_wconf 83' lang='lat' dir='ltr'>Praeterea</span> <span class='ocrx_word' id='word_1_195' title='bbox 428 2738 477 2796; x_wconf 91' lang='lat' dir='ltr'>est</span> <span class='ocrx_word' id='word_1_196' title='bbox 498 2756 594 2796; x_wconf 88' lang='lat' dir='ltr'>cansa</span> <span class='ocrx_word' id='word_1_197' title='bbox 610 2733 761 2811; x_wconf 80' lang='lat' dir='ltr'>efficiens,</span> <span class='ocrx_word' id='word_1_198' title='bbox 779 2756 848 2797; x_wconf 89' lang='lat' dir='ltr'>cum</span> <span class='ocrx_word' id='word_1_199' title='bbox 867 2735 1002 2797; x_wconf 90' lang='lat' dir='ltr'>dicimus</span> <span class='ocrx_word' id='word_1_200' title='bbox 1018 2734 1073 2798; x_wconf 88' lang='lat' dir='ltr'>illa</span> <span class='ocrx_word' id='word_1_201' title='bbox 1088 2736 1228 2799; x_wconf 86' lang='lat' dir='ltr'>ratione:</span> 
     </span>
     <span class='ocr_line' id='line_1_26' title="bbox 134 2818 1231 2969; baseline 0.015 -17"><span class='ocrx_word' id='word_1_202' title='bbox 134 2818 414 2967; x_wconf 53' lang='lat' dir='ltr'>iltltlttt</span> <span class='ocrx_word' id='word_1_203' title='bbox 438 2819 673 2967; x_wconf 53' lang='lat' dir='ltr'>apotbgagivgp</span> <span class='ocrx_word' id='word_1_204' title='bbox 694 2819 1064 2969; x_wconf 52' lang='lat' dir='ltr'>ltlzltltffltzttm</span> <span class='ocrx_word' id='word_1_205' title='bbox 1081 2825 1231 2968; x_wconf 55' lang='lat' dir='ltr'>tritt}</span> 
     </span>
     <span class='ocr_line' id='line_1_27' title="bbox 134 2925 1230 3072; baseline 0.011 -30"><span class='ocrx_word' id='word_1_206' title='bbox 134 2981 249 3057; x_wconf 83' lang='lat' dir='ltr'>probrum</span> <span class='ocrx_word' id='word_1_207' title='bbox 284 2925 404 3052; x_wconf 62' lang='lat' dir='ltr'>ardre.</span> <span class='ocrx_word' id='word_1_208' title='bbox 431 2925 584 3052; x_wconf 81' lang='lat' dir='ltr'>pProbas</span> <span class='ocrx_word' id='word_1_209' title='bbox 617 2995 649 3052; x_wconf 90' lang='lat' dir='ltr'>te</span> <span class='ocrx_word' id='word_1_210' title='bbox 679 2989 742 3070; x_wconf 89' lang='lat' dir='ltr'>juri</span> <span class='ocrx_word' id='word_1_211' title='bbox 777 2989 851 3053; x_wconf 89' lang='lat' dir='ltr'>dare</span> <span class='ocrx_word' id='word_1_212' title='bbox 885 3011 1012 3070; x_wconf 86' lang='lat' dir='ltr'>operam</span> <span class='ocrx_word' id='word_1_213' title='bbox 1051 3011 1230 3072; x_wconf 88' lang='lat' dir='ltr'>proponens</span> 
     </span>
     <span class='ocr_line' id='line_1_28' title="bbox 134 3069 1228 3157; baseline 0.009 -30"><span class='ocrx_word' id='word_1_214' title='bbox 134 3069 213 3134; x_wconf 81' lang='lat' dir='ltr'>nescio</span> <span class='ocrx_word' id='word_1_215' title='bbox 232 3073 306 3154; x_wconf 90' lang='lat' dir='ltr'>qnid</span> <span class='ocrx_word' id='word_1_216' title='bbox 330 3073 369 3136; x_wconf 90' lang='lat' dir='ltr'>de</span> <span class='ocrx_word' id='word_1_217' title='bbox 393 3072 495 3156; x_wconf 79' lang='lat' dir='ltr'>Appio</span> <span class='ocrx_word' id='word_1_218' title='bbox 519 3071 663 3148; x_wconf 86' lang='lat' dir='ltr'>Claudio,</span> <span class='ocrx_word' id='word_1_219' title='bbox 695 3096 787 3156; x_wconf 91' lang='lat' dir='ltr'>quern</span> <span class='ocrx_word' id='word_1_220' title='bbox 813 3074 1053 3139; x_wconf 78' lang='lat' dir='ltr'>Centinianum⁵</span> <span class='ocrx_word' id='word_1_221' title='bbox 1077 3076 1228 3157; x_wconf 86' lang='lat' dir='ltr'>appellas.</span> 
     </span>
     <span class='ocr_line' id='line_1_29' title="bbox 136 3144 1231 3242; baseline 0.005 -23"><span class='ocrx_word' id='word_1_222' title='bbox 136 3144 180 3213; x_wconf 66' lang='lat' dir='ltr'>lla</span> <span class='ocrx_word' id='word_1_223' title='bbox 195 3163 235 3221; x_wconf 90' lang='lat' dir='ltr'>est</span> <span class='ocrx_word' id='word_1_224' title='bbox 255 3159 391 3242; x_wconf 88' lang='lat' dir='ltr'>protrita</span> <span class='ocrx_word' id='word_1_225' title='bbox 412 3163 445 3222; x_wconf 92' lang='lat' dir='ltr'>et</span> <span class='ocrx_word' id='word_1_226' title='bbox 467 3161 746 3240; x_wconf 89' lang='lat' dir='ltr'>grammaticorum</span> <span class='ocrx_word' id='word_1_227' title='bbox 771 3160 873 3222; x_wconf 87' lang='lat' dir='ltr'>nitore</span> <span class='ocrx_word' id='word_1_228' title='bbox 894 3159 1083 3224; x_wconf 88' lang='lat' dir='ltr'>illuminata.</span> <span class='ocrx_word' id='word_1_229' title='bbox 1123 3158 1231 3224; x_wconf 89' lang='lat' dir='ltr'>Centi-</span> 
     </span>
     <span class='ocr_line' id='line_1_30' title="bbox 133 3239 1228 3327; baseline 0.003 -21"><span class='ocrx_word' id='word_1_230' title='bbox 133 3239 194 3300; x_wconf 63' lang='lat' dir='ltr'>ffllll</span> <span class='ocrx_word' id='word_1_231' title='bbox 212 3244 353 3325; x_wconf 89' lang='lat' dir='ltr'>gigantes</span> <span class='ocrx_word' id='word_1_232' title='bbox 376 3243 525 3308; x_wconf 88' lang='lat' dir='ltr'>dicuutur</span> <span class='ocrx_word' id='word_1_233' title='bbox 554 3245 639 3327; x_wconf 90' lang='lat' dir='ltr'>apud</span> <span class='ocrx_word' id='word_1_234' title='bbox 670 3244 829 3308; x_wconf 86' lang='lat' dir='ltr'>Ovidium.</span> <span class='ocrx_word' id='word_1_235' title='bbox 875 3244 967 3326; x_wconf 80' lang='lat' dir='ltr'>Apud</span> <span class='ocrx_word' id='word_1_236' title='bbox 999 3244 1228 3326; x_wconf 78' lang='lat' dir='ltr'>Pomponium⁶</span> 
     </span>
     <span class='ocr_line' id='line_1_31' title="bbox 137 3325 1229 3413; baseline 0.016 -36"><span class='ocrx_word' id='word_1_237' title='bbox 137 3325 251 3392; x_wconf 86' lang='lat' dir='ltr'>mendose</span> <span class='ocrx_word' id='word_1_238' title='bbox 272 3351 337 3394; x_wconf 88' lang='lat' dir='ltr'>non</span> <span class='ocrx_word' id='word_1_239' title='bbox 361 3350 463 3410; x_wconf 89' lang='lat' dir='ltr'>pauca</span> <span class='ocrx_word' id='word_1_240' title='bbox 485 3331 643 3411; x_wconf 87' lang='lat' dir='ltr'>leguntur.</span> <span class='ocrx_word' id='word_1_241' title='bbox 689 3330 738 3393; x_wconf 89' lang='lat' dir='ltr'>Ob</span> <span class='ocrx_word' id='word_1_242' title='bbox 763 3331 794 3392; x_wconf 93' lang='lat' dir='ltr'>id</span> <span class='ocrx_word' id='word_1_243' title='bbox 819 3335 953 3393; x_wconf 86' lang='lat' dir='ltr'>veterem</span> <span class='ocrx_word' id='word_1_244' title='bbox 977 3331 1229 3413; x_wconf 91' lang='lat' dir='ltr'>manuscriptum</span> 
     </span>
     <span class='ocr_line' id='line_1_32' title="bbox 135 3403 1229 3497; baseline 0.005 -24"><span class='ocrx_word' id='word_1_245' title='bbox 135 3403 239 3477; x_wconf 66' lang='lat' dir='ltr'>eillicem</span> <span class='ocrx_word' id='word_1_246' title='bbox 265 3414 480 3497; x_wconf 85' lang='lat' dir='ltr'>Digestorum,</span> <span class='ocrx_word' id='word_1_247' title='bbox 513 3416 568 3497; x_wconf 92' lang='lat' dir='ltr'>qui</span> <span class='ocrx_word' id='word_1_248' title='bbox 606 3415 701 3477; x_wconf 91' lang='lat' dir='ltr'>isthic</span> <span class='ocrx_word' id='word_1_249' title='bbox 731 3415 816 3496; x_wconf 86' lang='lat' dir='ltr'>jacet</span> <span class='ocrx_word' id='word_1_250' title='bbox 846 3417 877 3478; x_wconf 88' lang='lat' dir='ltr'>iu</span> <span class='ocrx_word' id='word_1_251' title='bbox 910 3416 988 3479; x_wconf 89' lang='lat' dir='ltr'>cella</span> <span class='ocrx_word' id='word_1_252' title='bbox 1022 3416 1229 3493; x_wconf 87' lang='lat' dir='ltr'>testudinata,</span> 
     </span>
     <span class='ocr_line' id='line_1_33' title="bbox 137 3492 1229 3583; baseline 0.017 -39"><span class='ocrx_word' id='word_1_253' title='bbox 137 3492 228 3559; x_wconf 88' lang='lat' dir='ltr'>curiose</span> <span class='ocrx_word' id='word_1_254' title='bbox 248 3501 358 3564; x_wconf 84' lang='lat' dir='ltr'>visites</span> <span class='ocrx_word' id='word_1_255' title='bbox 381 3504 516 3583; x_wconf 91' lang='lat' dir='ltr'>oportet.</span> <span class='ocrx_word' id='word_1_256' title='bbox 562 3500 596 3562; x_wconf 90' lang='lat' dir='ltr'>ln</span> <span class='ocrx_word' id='word_1_257' title='bbox 621 3500 730 3562; x_wconf 88' lang='lat' dir='ltr'>eodem</span> <span class='ocrx_word' id='word_1_258' title='bbox 755 3523 888 3582; x_wconf 87' lang='lat' dir='ltr'>quaeras</span> <span class='ocrx_word' id='word_1_259' title='bbox 905 3501 1034 3563; x_wconf 79' lang='lat' dir='ltr'>verbum</span> <span class='ocrx_word' id='word_1_260' title='bbox 1056 3500 1229 3583; x_wconf 86' lang='lat' dir='ltr'>„onerari“.</span> 
     </span>
    </p>
   </div>
   <div class='ocr_carea' id='block_1_3' title="bbox 134 3566 1231 4007">
    <p class='ocr_par' dir='ltr' id='par_1_3' title="bbox 134 3566 1231 4007">
     <span class='ocr_line' id='line_1_34' title="bbox 137 3566 1229 3667; baseline 0.003 -22"><span class='ocrx_word' id='word_1_261' title='bbox 137 3566 197 3640; x_wconf 70' lang='lat' dir='ltr'>pulo</span> <span class='ocrx_word' id='word_1_262' title='bbox 215 3582 375 3666; x_wconf 85' lang='lat' dir='ltr'>legendum</span> <span class='ocrx_word' id='word_1_263' title='bbox 391 3598 405 3625; x_wconf 84' lang='lat'>⁸</span> <span class='ocrx_word' id='word_1_264' title='bbox 431 3585 633 3667; x_wconf 77' lang='lat' dir='ltr'>„honorari“:</span> <span class='ocrx_word' id='word_1_265' title='bbox 658 3585 733 3665; x_wconf 89' lang='lat' dir='ltr'>quia</span> <span class='ocrx_word' id='word_1_266' title='bbox 749 3586 830 3648; x_wconf 91' lang='lat' dir='ltr'>idem</span> <span class='ocrx_word' id='word_1_267' title='bbox 848 3586 1004 3666; x_wconf 87' lang='lat' dir='ltr'>Ulpianus</span> <span class='ocrx_word' id='word_1_268' title='bbox 1027 3586 1229 3649; x_wconf 87' lang='lat' dir='ltr'>honorarium</span> 
     </span>
     <span class='ocr_line' id='line_1_35' title="bbox 136 3669 1230 3751; baseline -0.002 -17"><span class='ocrx_word' id='word_1_269' title='bbox 136 3669 207 3750; x_wconf 60' lang='lat' dir='ltr'>7⁰⁰³st</span> <span class='ocrx_word' id='word_1_270' title='bbox 232 3673 403 3751; x_wconf 86' lang='lat' dir='ltr'>praemium</span> <span class='ocrx_word' id='word_1_271' title='bbox 438 3672 593 3734; x_wconf 83' lang='lat' dir='ltr'>advocato</span> <span class='ocrx_word' id='word_1_272' title='bbox 630 3669 849 3749; x_wconf 67' lang='lat' dir='ltr'>erogandum.l</span> <span class='ocrx_word' id='word_1_273' title='bbox 896 3671 1045 3746; x_wconf 84' lang='lat' dir='ltr'>Versaris,</span> <span class='ocrx_word' id='word_1_274' title='bbox 1069 3678 1105 3734; x_wconf 92' lang='lat' dir='ltr'>ut</span> <span class='ocrx_word' id='word_1_275' title='bbox 1129 3673 1230 3744; x_wconf 83' lang='lat' dir='ltr'>video,</span> 
     </span>
     <span class='ocr_line' id='line_1_36' title="bbox 136 3745 1231 3836; baseline 0.005 -22"><span class='ocrx_word' id='word_1_276' title='bbox 136 3758 162 3801; x_wconf 76' lang='lat'>¹¹¹</span> <span class='ocrx_word' id='word_1_277' title='bbox 179 3745 230 3830; x_wconf 86' lang='lat' dir='ltr'>lpso</span> <span class='ocrx_word' id='word_1_278' title='bbox 247 3756 327 3836; x_wconf 91' lang='lat' dir='ltr'>juris</span> <span class='ocrx_word' id='word_1_279' title='bbox 349 3755 527 3819; x_wconf 86' lang='lat' dir='ltr'>meditullio</span> <span class='ocrx_word' id='word_1_280' title='bbox 551 3762 581 3818; x_wconf 87' lang='lat' dir='ltr'>et</span> <span class='ocrx_word' id='word_1_281' title='bbox 605 3757 696 3835; x_wconf 90' lang='lat' dir='ltr'>quasi</span> <span class='ocrx_word' id='word_1_282' title='bbox 720 3756 751 3818; x_wconf 89' lang='lat' dir='ltr'>in</span> <span class='ocrx_word' id='word_1_283' title='bbox 777 3761 894 3818; x_wconf 84' lang='lat' dir='ltr'>ventre.</span> <span class='ocrx_word' id='word_1_284' title='bbox 933 3756 1014 3832; x_wconf 84' lang='lat' dir='ltr'>Quid</span> <span class='ocrx_word' id='word_1_285' title='bbox 1040 3757 1109 3819; x_wconf 80' lang='lat' dir='ltr'>ita?</span> <span class='ocrx_word' id='word_1_286' title='bbox 1149 3756 1231 3832; x_wconf 83' lang='lat' dir='ltr'>Quia</span> 
     </span>
     <span class='ocr_line' id='line_1_37' title="bbox 134 3823 1231 3922; baseline 0.001 -23"><span class='ocrx_word' id='word_1_287' title='bbox 134 3823 283 3904; x_wconf 61' lang='lat' dir='ltr'>lausiac</span> <span class='ocrx_word' id='word_1_288' title='bbox 319 3841 398 3904; x_wconf 89' lang='lat' dir='ltr'>dicit.</span> <span class='ocrx_word' id='word_1_289' title='bbox 417 3841 499 3922; x_wconf 84' lang='lat' dir='ltr'>juris</span> <span class='ocrx_word' id='word_1_290' title='bbox 520 3841 687 3904; x_wconf 85' lang='lat' dir='ltr'>scientiam</span> <span class='ocrx_word' id='word_1_291' title='bbox 719 3841 835 3904; x_wconf 87' lang='lat' dir='ltr'>habere</span> <span class='ocrx_word' id='word_1_292' title='bbox 868 3849 975 3922; x_wconf 84' lang='lat' dir='ltr'>caput,</span> <span class='ocrx_word' id='word_1_293' title='bbox 1008 3842 1231 3905; x_wconf 86' lang='lat' dir='ltr'>Institutiones</span> 
     </span>
     <span class='ocr_line' id='line_1_38' title="bbox 134 3913 1229 4007; baseline 0.002 -22"><span class='ocrx_word' id='word_1_294' title='bbox 134 3913 256 3989; x_wconf 68' lang='lat' dir='ltr'>tlfinern</span> <span class='ocrx_word' id='word_1_295' title='bbox 288 3929 307 3990; x_wconf 89' lang='lat' dir='ltr'>i.</span> <span class='ocrx_word' id='word_1_296' title='bbox 332 3949 358 3989; x_wconf 91' lang='lat' dir='ltr'>e.</span> <span class='ocrx_word' id='word_1_297' title='bbox 392 3926 531 3989; x_wconf 89' lang='lat' dir='ltr'>codicem</span> <span class='ocrx_word' id='word_1_298' title='bbox 568 3926 740 3988; x_wconf 87' lang='lat' dir='ltr'>edictorum</span> <span class='ocrx_word' id='word_1_299' title='bbox 777 3928 1010 4007; x_wconf 85' lang='lat' dir='ltr'>imperatorum.</span> <span class='ocrx_word' id='word_1_300' title='bbox 1057 3925 1111 3989; x_wconf 83' lang='lat' dir='ltr'>Sic</span> <span class='ocrx_word' id='word_1_301' title='bbox 1143 3928 1229 4007; x_wconf 86' lang='lat' dir='ltr'>cogi-</span> 
     </span>
    </p>
   </div>
   <div class='ocr_carea' id='block_1_4' title="bbox 135 4056 302 4081">
    <p class='ocr_par' dir='ltr' id='par_1_4' title="bbox 135 4056 302 4081">
     <span class='ocr_line' id='line_1_39' title="bbox 135 4056 302 4081; baseline 0.012 -2"><span class='ocrx_word' id='word_1_302' title='bbox 135 4056 302 4081; x_wconf 38' lang='grc' dir='ltr'>κ-.</span> 
     </span>
    </p>
   </div>
   <div class='ocr_carea' id='block_1_5' title="bbox 183 4141 308 4214">
    <p class='ocr_par' dir='ltr' id='par_1_5' title="bbox 183 4141 308 4214">
     <span class='ocr_line' id='line_1_40' title="bbox 183 4141 308 4214; baseline 0.04 -21"><span class='ocrx_word' id='word_1_303' title='bbox 183 4141 308 4214; x_wconf 83' lang='lat' dir='ltr'>⁸leugnm.</span> 
     </span>
    </p>
   </div>
   <div class='ocr_carea' id='block_1_6' title="bbox 123 4218 1230 4637">
    <p class='ocr_par' dir='ltr' id='par_1_6' title="bbox 123 4218 1230 4637">
     <span class='ocr_line' id='line_1_41' title="bbox 150 4218 1230 4303; baseline 0.001 -21"><span class='ocrx_word' id='word_1_304' title='bbox 150 4286 160 4303; x_wconf 41' lang='grc' dir='ltr'><strong><em>Υ</em></strong></span> <span class='ocrx_word' id='word_1_305' title='bbox 184 4225 300 4286; x_wconf 73' lang='lat' dir='ltr'>&#39;Saeua</span> <span class='ocrx_word' id='word_1_306' title='bbox 319 4230 401 4299; x_wconf 69' lang='lat' dir='ltr'>Calig.</span> <span class='ocrx_word' id='word_1_307' title='bbox 421 4231 462 4285; x_wconf 76' lang='lat'>55.</span> <span class='ocrx_word' id='word_1_308' title='bbox 500 4230 619 4300; x_wconf 75' lang='lat' dir='ltr'>²lligest.</span> <span class='ocrx_word' id='word_1_309' title='bbox 640 4230 715 4284; x_wconf 81' lang='lat' dir='ltr'>XlX.</span> <span class='ocrx_word' id='word_1_310' title='bbox 728 4233 749 4284; x_wconf 86' lang='lat'>1.</span> <span class='ocrx_word' id='word_1_311' title='bbox 762 4232 802 4284; x_wconf 74' lang='lat' dir='ltr'>til.</span> <span class='ocrx_word' id='word_1_312' title='bbox 841 4218 931 4283; x_wconf 69' lang='lat' dir='ltr'>allber</span> <span class='ocrx_word' id='word_1_313' title='bbox 948 4231 1020 4282; x_wconf 82' lang='lat' dir='ltr'>drese</span> <span class='ocrx_word' id='word_1_314' title='bbox 1039 4230 1230 4283; x_wconf 82' lang='lat' dir='ltr'>urrlaleiniaohe</span> 
     </span>
     <span class='ocr_line' id='line_1_42' title="bbox 132 4283 1230 4368; baseline 0.001 -19"><span class='ocrx_word' id='word_1_315' title='bbox 132 4283 242 4367; x_wconf 66' lang='lat' dir='ltr'>lltssllung</span> <span class='ocrx_word' id='word_1_316' title='bbox 252 4299 305 4368; x_wconf 81' lang='lat' dir='ltr'>ugl.</span> <span class='ocrx_word' id='word_1_317' title='bbox 316 4315 350 4352; x_wconf 86' lang='lat' dir='ltr'>zu</span> <span class='ocrx_word' id='word_1_318' title='bbox 361 4299 403 4352; x_wconf 88' lang='lat' dir='ltr'>Br.</span> <span class='ocrx_word' id='word_1_319' title='bbox 416 4300 472 4354; x_wconf 72' lang='lat'>1⁶24.</span> <span class='ocrx_word' id='word_1_320' title='bbox 527 4300 587 4352; x_wconf 75' lang='lat' dir='ltr'>⁴lli</span> <span class='ocrx_word' id='word_1_321' title='bbox 606 4299 801 4363; x_wconf 61' lang='lat' dir='ltr'>estimare.</span> <span class='ocrx_word' id='word_1_322' title='bbox 855 4299 1230 4353; x_wconf 71' lang='lat' dir='ltr'>⁵Stattt⁸eatin1anu1uwie</span> 
     </span>
     <span class='ocr_line' id='line_1_43' title="bbox 129 4318 1230 4447; baseline 0.004 -31"><span class='ocrx_word' id='word_1_323' title='bbox 129 4352 206 4434; x_wconf 42' lang='lat' dir='ltr'>Kilizu</span> <span class='ocrx_word' id='word_1_324' title='bbox 219 4365 253 4419; x_wconf 90' lang='lat' dir='ltr'>im</span> <span class='ocrx_word' id='word_1_325' title='bbox 261 4367 398 4447; x_wconf 82' lang='lat' dir='ltr'>folgenden</span> <span class='ocrx_word' id='word_1_326' title='bbox 416 4368 572 4420; x_wconf 80' lang='lat' dir='ltr'>rcrbessart.</span> <span class='ocrx_word' id='word_1_327' title='bbox 589 4318 631 4420; x_wconf 75' lang='lat' dir='ltr'>lla</span> <span class='ocrx_word' id='word_1_328' title='bbox 642 4368 704 4435; x_wconf 84' lang='lat' dir='ltr'>orig.</span> <span class='ocrx_word' id='word_1_329' title='bbox 712 4367 763 4433; x_wconf 90' lang='lat' dir='ltr'>jur.</span> <span class='ocrx_word' id='word_1_330' title='bbox 775 4368 867 4440; x_wconf 44' lang='lat' dir='ltr'>lrig31,</span> <span class='ocrx_word' id='word_1_331' title='bbox 879 4368 903 4431; x_wconf 79' lang='lat'>2,</span> <span class='ocrx_word' id='word_1_332' title='bbox 914 4369 961 4420; x_wconf 75' lang='lat' dir='ltr'>aa:</span> <span class='ocrx_word' id='word_1_333' title='bbox 978 4368 1092 4439; x_wconf 65' lang='lat' dir='ltr'>»Aqipius</span> <span class='ocrx_word' id='word_1_334' title='bbox 1104 4366 1230 4420; x_wconf 81' lang='lat' dir='ltr'>Claudius</span> 
     </span>
     <span class='ocr_line' id='line_1_44' title="bbox 127 4429 1229 4503; baseline -0.005 -10"><span class='ocrx_word' id='word_1_335' title='bbox 127 4429 219 4493; x_wconf 59' lang='lat' dir='ltr'>*tudem</span> <span class='ocrx_word' id='word_1_336' title='bbox 228 4450 329 4503; x_wconf 83' lang='lat' dir='ltr'>genens</span> <span class='ocrx_word' id='word_1_337' title='bbox 338 4436 482 4489; x_wconf 74' lang='lat' dir='ltr'>marturam</span> <span class='ocrx_word' id='word_1_338' title='bbox 493 4436 630 4488; x_wconf 80' lang='lat' dir='ltr'>seientiam</span> <span class='ocrx_word' id='word_1_339' title='bbox 644 4435 743 4488; x_wconf 87' lang='lat' dir='ltr'>habuit.</span> <span class='ocrx_word' id='word_1_340' title='bbox 764 4436 813 4488; x_wconf 84' lang='lat' dir='ltr'>llio</span> <span class='ocrx_word' id='word_1_341' title='bbox 824 4438 1028 4487; x_wconf 67' lang='lat' dir='ltr'>Centemmanus</span> <span class='ocrx_word' id='word_1_342' title='bbox 1037 4436 1229 4503; x_wconf 80' lang='lat' dir='ltr'>(Centirnurrus)</span> 
     </span>
     <span class='ocr_line' id='line_1_45' title="bbox 125 4496 1230 4571; baseline -0.003 -14"><span class='ocrx_word' id='word_1_343' title='bbox 125 4496 246 4563; x_wconf 62' lang='lat' dir='ltr'>*rodiam</span> <span class='ocrx_word' id='word_1_344' title='bbox 267 4507 328 4558; x_wconf 76' lang='lat' dir='ltr'>ast«</span> <span class='ocrx_word' id='word_1_345' title='bbox 391 4504 451 4557; x_wconf 76' lang='lat' dir='ltr'>‘ln</span> <span class='ocrx_word' id='word_1_346' title='bbox 470 4504 520 4556; x_wconf 86' lang='lat' dir='ltr'>deu</span> <span class='ocrx_word' id='word_1_347' title='bbox 543 4504 675 4571; x_wconf 85' lang='lat' dir='ltr'>Digesten.</span> <span class='ocrx_word' id='word_1_348' title='bbox 740 4505 825 4570; x_wconf 77' lang='lat' dir='ltr'>⁷llig.</span> <span class='ocrx_word' id='word_1_349' title='bbox 845 4504 877 4559; x_wconf 83' lang='lat' dir='ltr'>L.</span> <span class='ocrx_word' id='word_1_350' title='bbox 899 4505 938 4563; x_wconf 81' lang='lat'>13,</span> <span class='ocrx_word' id='word_1_351' title='bbox 960 4507 981 4555; x_wconf 90' lang='lat' dir='ltr'>l.</span> <span class='ocrx_word' id='word_1_352' title='bbox 1047 4503 1230 4556; x_wconf 81' lang='lat' dir='ltr'>⁸Francisous</span> 
     </span>
     <span class='ocr_line' id='line_1_46' title="bbox 123 4564 758 4637; baseline 0.002 -15"><span class='ocrx_word' id='word_1_353' title='bbox 123 4564 251 4637; x_wconf 63' lang='lat' dir='ltr'>munus,</span> <span class='ocrx_word' id='word_1_354' title='bbox 267 4572 402 4627; x_wconf 76' lang='lat' dir='ltr'>Glosuator</span> <span class='ocrx_word' id='word_1_355' title='bbox 418 4573 465 4625; x_wconf 86' lang='lat' dir='ltr'>der</span> <span class='ocrx_word' id='word_1_356' title='bbox 482 4570 583 4625; x_wconf 81' lang='lat' dir='ltr'>Rechts</span> <span class='ocrx_word' id='word_1_357' title='bbox 601 4574 637 4624; x_wconf 80' lang='lat' dir='ltr'>ini</span> <span class='ocrx_word' id='word_1_358' title='bbox 658 4575 697 4624; x_wconf 85' lang='lat'>13.</span> <span class='ocrx_word' id='word_1_359' title='bbox 715 4572 758 4624; x_wconf 90' lang='lat' dir='ltr'>Jh.</span> 
     </span>
    </p>
   </div>
   <div class='ocr_carea' id='block_1_7' title="bbox 143 4659 1023 4725">
    <p class='ocr_par' dir='ltr' id='par_1_7' title="bbox 143 4659 1023 4725">
     <span class='ocr_line' id='line_1_47' title="bbox 143 4659 1023 4725; baseline 0.002 -8"><span class='ocrx_word' id='word_1_360' title='bbox 143 4670 489 4725; x_wconf 60' lang='lat' dir='ltr'>mansissem.</span> <span class='ocrx_word' id='word_1_361' title='bbox 985 4659 1023 4719; x_wconf 93' lang='grc'>11</span> 
     </span>
    </p>
   </div>
   <div class='ocr_carea' id='block_1_8' title="bbox 0 0 1400 4966">
    <p class='ocr_par' dir='ltr' id='par_1_8' title="bbox 0 0 1400 4966">
     <span class='ocr_line' id='line_1_48' title="bbox 0 0 1400 4966; baseline 0 0"><span class='ocrx_word' id='word_1_362' title='bbox 0 0 1400 4966; x_wconf 95' lang='lat' dir='ltr'> </span> 
     </span>
    </p>
   </div>
  </div>
 </body>
</html>
