2774 4966
126 624 187 689 118
514 622 600 676 Briele
619 638 668 676 ron
689 622 867 677 reos-1509.

126 798 346 879 impediantur.
393 797 432 860 [it
455 796 513 860 lroc
536 806 656 880 quare?
701 796 744 860 th
767 795 910 877 impediti
934 794 1101 871 erroribus,
1130 795 1257 877 opinio·

126 884 222 948 uibus
237 884 353 951 obruti,
369 884 509 945 tenebris
526 885 706 948 circumfusi
725 905 786 947 non
805 883 928 965 possint
945 882 982 944 ad
1002 882 1064 945 reri
1083 882 1257 951 notionem,

127 992 191 1052 qua
214 993 303 1033 senes
328 971 379 1032 isti
403 976 520 1033 carent.
549 972 720 1051 pervenire.
766 969 835 1032 Non
860 978 908 1030 est
932 968 1007 1030 mihi
1040 974 1150 1031 contra
1183 968 1257 1031 bar·

129 1057 221 1119 beros
245 1056 429 1139 disputatio.
445 1068 459 1096 ⁸
503 1055 547 1118 Tu
575 1057 670 1131 rides,
693 1061 773 1138 quot.
791 1056 857 1118 sint
872 1077 952 1137 quos
971 1054 1156 1118 miserabilis
1172 1076 1258 1118 error

127 1148 159 1205 et
176 1142 354 1225 ignorantia
378 1148 494 1205 teneat.
535 1142 655 1207 Paucos
671 1142 762 1205 credo
779 1164 847 1204 esse
864 1142 1076 1223 quemqunml'
1091 1142 1122 1204 in
1139 1162 1258 1221 magna

128 1229 246 1297 schola,
278 1229 332 1311 qui
361 1230 555 1292 scientiaml
585 1228 749 1291 honestam
776 1250 836 1292 non
861 1228 900 1290 ad
923 1228 1170 1290 ostentationem
1201 1230 1258 1290 aut

127 1321 294 1395 quaestum
319 1315 464 1387 referant,
488 1315 578 1377 venis
595 1338 686 1387 vana,
706 1316 798 1395 rrrrgis
816 1314 957 1387 ridicula,
974 1313 1163 1394 ambagibus
1181 1312 1259 1376 deli·

128 1406 272 1464 ramenta
296 1400 505 1473 consolidant,
534 1401 672 1477 lirmnnt,
704 1401 881 1463 stabiliunt.
929 1400 1100 1480 Postquam
1125 1400 1172 1463 ita
1194 1397 1258 1463 Sil·

128 1488 219 1550 vanis
233 1499 246 1526 ⁰
268 1487 333 1549 tuis
358 1487 485 1567 placuit,
509 1494 545 1549 ut
567 1493 600 1550 tc
624 1487 902 1569 prudentissimum
932 1486 1097 1567 abigerent
1118 1508 1155 1549 ac
1178 1485 1259 1548 rele-

129 1579 250 1654 garent,
286 1574 364 1634 lerre
392 1573 486 1634 debes
516 1573 596 1636 banc
620 1574 789 1643 fortunam,
814 1596 863 1644 ne,
886 1573 913 1635 si
936 1594 1002 1634 enm
1028 1572 1166 1651 graviter
1190 1592 1260 1634 rno-

131 1658 271 1738 lcsteque
296 1660 414 1729 tuleris,
438 1659 582 1721 acerbius
605 1659 664 1722 tibi
688 1661 746 1740 ipsi
777 1658 875 1721 facias
906 1657 1046 1720 exilium.
1092 1657 1158 1735 Ego
1190 1658 1260 1721 sine

129 1744 287 1807 lacrimisd
309 1766 370 1805 non
395 1766 520 1826 possum
542 1747 647 1808 animo
671 1746 818 1826 replicare
835 1750 923 1807 tuum
942 1767 1058 1807 casum.
1100 1744 1138 1805 tn.
1153 1744 1179 1806 si
1199 1766 1258 1807 an·

127 1832 220 1893 tistes
244 1831 329 1893 dicat
352 1839 382 1893 te
407 1853 479 1913 prae
503 1832 614 1894 ceteris
631 1831 833 1895 honestatum
852 1835 883 1891 et
900 1831 1054 1893 delectum
1073 1852 1109 1893 ac
1125 1831 1258 1913 dignum

129 1916 284 1993 habitum,
309 1939 400 1999 quern
426 1941 441 1977 o
465 1940 521 1980 sno
547 1940 675 1980 numero
698 1918 817 1999 Lipsim
850 1917 1031 1981 dimitteret.
1063 1917 1172 1980 credat
1198 1916 1259 1979 im-

129 2004 265 2083 peritus;
289 2003 365 2066 mihi
391 2025 452 2065 uon
477 2004 654 2084 persuadet,
679 2027 748 2066 curn
773 2003 920 2067 Urbanus
943 2026 1031 2066 meus
1062 2004 1157 2065 etiam
1190 2004 1261 2065 sine

130 2089 253 2165 baculu,
278 2092 346 2151 sine
370 2090 551 2169 magisterio
574 2091 669 2153 luerit.
691 2097 723 2152 et
746 2090 844 2152 literis
868 2096 900 2151 et
923 2091 1035 2171 peritia
1051 2089 1260 2172 praestantis·

128 2175 227 2239 simus
250 2181 282 2237 et
305 2176 420 2256 dignus
444 2199 505 2237 non
529 2177 629 2239 solunr
654 2175 829 2255 arclrigalli'
857 2175 971 2239 throno
995 2177 1047 2239 sed
1074 2176 1169 2239 etiam
1193 2175 1260 2258 epi·

128 2261 245 2344 scopuli
263 2262 344 2323 sede.
381 2262 450 2324 Non
467 2264 604 2326 arbitror
620 2271 651 2326 te
667 2268 881 2344 exspectare,⁰
902 2262 977 2343 quid
994 2263 1129 2326 seutiam
1147 2262 1186 2325 de
1202 2268 1259 2325 tuo

131 2370 320 2429 successore,
337 2349 412 2430 (prid
430 2348 467 2411 de
484 2349 595 2412 ceteris
616 2349 796 2429 sernigallis.
822 2348 927 2411 llnbes
944 2350 1026 2411 enirn
1044 2347 1259 2431 Spalatinuru,

129 2440 161 2497 et
177 2441 308 2516 uterque
333 2442 469 2497 restrum
495 2436 584 2498 norit
609 2458 655 2498 nie
680 2458 740 2498 non
765 2435 863 2499 solere
887 2458 940 2499 eos
963 2435 1102 2516 diligere,
1119 2436 1174 2516 qui
1192 2457 1262 2517 per

130 2521 201 2584 dita
224 2528 301 2584 sunt
323 2523 512 2602 arrogantia.
558 2520 619 2585 Sed
644 2530 749 2585 tamen
774 2522 848 2605 quia
872 2522 937 2584 lieri
964 2527 1078 2602 potest,
1095 2526 1132 2585 ut
1147 2520 1261 2585 turba·

132 2608 212 2671 tiore
235 2609 340 2670 animo
364 2608 445 2671 feras
468 2614 589 2671 tantam
621 2609 820 2691 iniquitatem
855 2608 945 2690 (estis
976 2609 1058 2671 eninr
1088 2609 1200 2689 iniqui,
1224 2615 1261 2672 tu

131 2700 163 2756 et
186 2693 247 2767 illc,
271 2701 302 2756 et
327 2695 356 2756 in
382 2695 467 2757 nullo
492 2716 664 2775 occupares,
688 2696 781 2758 sicuti
806 2696 947 2770 docebo),
973 2705 1049 2776 puto
1071 2718 1138 2758 esse
1155 2718 1261 2759 meum

134 2779 257 2863 plenius
281 2782 410 2861 exsequi
430 2781 440 2820 f
464 2802 561 2843 meam
579 2784 779 2845 sententiam.
829 2782 947 2845 Habuit
963 2786 1020 2844 tua
1039 2782 1134 2844 Vallis
1150 2783 1260 2847 mitem

131 2873 162 2929 et
186 2867 389 2947 tranquillum
416 2889 632 2941 oeconomum,
663 2874 787 2949 gratum
816 2869 955 2945 rusticis,
984 2868 1160 2948 jucundum
1190 2891 1261 2932 eru·

132 2953 218 3027 ditis,
242 2953 350 3017 utilem
368 2954 530 3025 coenobio,
548 2976 652 3016 cnr-um
670 2955 826 3017 onnribus.
873 2954 906 3018 Si
930 2955 1052 3028 habuit,
1076 2976 1149 3037 ergo
1175 2977 1261 3019 nunc

133 3062 194 3103 non
212 3039 317 3103 habet.
363 3039 488 3121 Integer
505 3040 565 3104 luit
582 3040 738 3111 llrbanns,
755 3041 807 3103 secl
827 3040 1018 3105 Stercutius²
1035 3042 1262 3107 fallacissimus

132 3131 189 3189 ost.
237 3126 294 3190 llic
316 3150 348 3189 se
371 3134 458 3190 amat
474 3133 503 3189 et
521 3127 703 3203 admiratur,
728 3129 849 3190 invidet
872 3127 973 3202 bonis
996 3128 1065 3193 odit
1087 3128 1261 3207 doctiores;

131 3212 182 3276 ille
206 3234 254 3276 me
280 3218 312 3276 et
334 3214 532 3295 Spoletinum
558 3213 665 3287 coluit,
699 3215 805 3294 probis
836 3215 927 3277 unice
954 3214 1044 3289 lavit,
1073 3215 1262 3279 eruditiores

130 3300 332 3363 veneratione
363 3306 548 3383 prosecutus
581 3306 637 3362 est.
684 3302 809 3377 Quanta
839 3302 1015 3375 diversitas,
1046 3306 1171 3382 quanta
1198 3301 1261 3366 ini·

132 3386 254 3468 quitas!
303 3389 348 3449 An
374 3388 467 3467 aequi
491 3394 623 3468 possunt
647 3410 726 3462 csse,
749 3409 829 3468 quos
861 3409 978 3450 nrornrn
1003 3391 1035 3450 et
1057 3387 1180 3468 ingenii
1203 3410 1261 3452 nr·

134 3480 285 3554 turaeque
309 3473 388 3535 ratio
412 3474 602 3554 distinguit?
627 3473 672 3535 rel
698 3495 830 3553 qnorum
862 3474 940 3536 alter
971 3474 1182 3554 aequissimus
1212 3480 1263 3537 est

133 3566 163 3622 et
182 3561 280 3621 nostri
298 3560 544 3636 cruentissimus,
563 3560 642 3621 alter
660 3583 730 3621 reru
749 3560 940 3640 periniquns,
958 3561 1121 3640 superbus,
1146 3584 1262 3624 saevus

134 3650 165 3707 et
188 3646 287 3709 nostri
311 3647 429 3709 ordinis
453 3647 647 3709 obtrectator
674 3647 865 3708 acerrimus?
911 3646 1021 3709 l'erurn
1054 3646 1130 3709 nibil
1161 3655 1259 3730 agent

135 3737 222 3813 puter
246 3738 275 3794 et
307 3732 495 3795 Stercutius.
542 3732 652 3794 Veniet
686 3733 745 3796 tibi
780 3754 913 3813 rnagrnrs
949 3731 1048 3795 lrouor
1081 3735 1262 3814 impetratis

134 3819 275 3899 nnrgistri
293 3820 479 3899 insignibus.
525 3818 648 3881 interea
664 3825 695 3881 to
711 3824 766 3881 tua
790 3820 942 3881 t'ucilitste
966 3824 1120 3882 sustenta.
1165 3820 1260 3901 Lege,

134 3905 245 3977 scribe,
270 3906 406 3986 disputa,
430 3906 554 3968 solutus
570 3910 602 3966 et
618 3906 795 3985 expeditus,
814 3912 845 3967 et
862 3907 910 3967 lac
926 3906 1058 3985 gradum
1075 3906 1115 3968 ad
1132 3904 1259 3970 laudem

134 3991 298 4054 robustum
323 4000 355 4053 et.
378 3993 511 4053 firmum.
559 3991 716 4071 Accepisti
739 3991 883 4055 baculum
910 3992 940 4053 id
965 3998 1012 4054 est
1030 3994 1262 4069 materiamen

134 4099 197 4159 qua
220 4078 277 4140 tibi
303 4078 429 4159 parabis
462 4075 653 4140 ascensum.³
699 4077 835 4140 Baculus
870 4079 952 4140 enim
986 4079 1182 4141 necessarius
1212 4084 1263 4143 est

134 4165 165 4226 in
190 4163 383 4227 fabricandis
406 4164 560 4226 scalarum
585 4163 743 4241 gnulibns.
794 4165 947 4226 Haereut¹¹
963 4166 1093 4228 tirmiter
1109 4166 1180 4228 sino
1196 4164 1261 4230 ullo

133 4250 242 4313 ruinae
267 4251 414 4332 periculO,
438 4256 474 4313 ut
496 4251 527 4312 in
552 4251 636 4312 scala
659 4250 770 4312 lacobi
794 4272 863 4312 cum
895 4251 1016 4331 angelis
1048 4252 1107 4314 boc
1130 4258 1179 4314 est
1202 4252 1263 4316 im·

200 4402 252 4455 toi
270 4408 301 4454 st.
320 4402 347 4455 ti.
418 4406 602 4470 bqnnnqnanr.
673 4401 828 4467 «sylvane.
894 4405 907 4441 <¹
923 4401 1072 4468 lacturnris.
1138 4416 1263 4473 ‘rupec-

132 4474 195 4525 turc.
268 4475 278 4513 s
290 4472 393 4539 exenni.
463 4471 606 4522 sllnorens
627 4469 699 4523 lein.

204 4540 282 4594 ¹[les
309 4542 397 4593 Abtcs.
434 4539 499 4591 tinlli
562 4538 677 4591 l‘ricstcr
705 4542 751 4590 ‹ter
778 4538 882 4605 Cybele.
954 4539 1033 4591 ²llcr
1061 4539 1263 4595 mntnrasslicbo

132 4606 291 4679 Naohlolger
316 4609 421 4663 Urbuns
448 4610 643 4675 rl’soudonpn).
715 4608 811 4658 ³l'nm
839 4607 995 4661 Bakulurius
1021 4608 1068 4661 soll
1093 4608 1182 4663 ttrnan
1200 4626 1263 4663 rum

133 4674 259 4748 Hngistcr
275 4678 428 4748 austeigen.
463 4678 539 4733 Teuz.
557 4676 748 4746 interpungicrt
765 4693 811 4731 ror
829 4677 984 4731 ltobustuur.
