2774 4966
504 40 508 59 Ι

502 64 508 81 U

420 39 1381 282 -

162 614 226 679 514
588 612 676 666 Briefe
694 613 740 668 des
759 614 783 667 J.
804 614 878 668 1515.

162 781 262 867 ιιικιῦς
286 804 408 846 mecum
432 788 566 864 agentes
590 805 756 865 meamque
777 785 1047 847 existimationem
1063 789 1195 867 propter
1208 808 1303 851 suam

162 868 369 932 insolentiam
408 870 458 931 sui
497 874 651 949 quaestus
685 878 717 931 et
753 870 910 932 commodi
948 872 1052 950 gratia
1087 871 1304 952 ineptissimis

163 955 259 1035 nugis
283 953 489 1016 saburrantes
513 955 585 1034 quis
607 954 716 1016 tulerit
732 975 835 1035 aequo
851 955 985 1016 auimo‘?
1027 953 1100 1016 Non
1117 959 1168 1019 est
1183 956 1303 1021 dormi·

163 1039 309 1114 tandum,
327 1037 464 1113 Urbane,
481 1040 513 1101 in
531 1039 590 1101 hoc
607 1041 736 1117 negotio
753 1061 898 1101 curarum
921 1039 1027 1120 pleno.
1075 1039 1301 1106 Resistendum

163 1145 220 1206 pro
256 1090 338 1187 ι1ι111
372 1124 433 1187 levi
469 1132 500 1187 et
533 1124 633 1186 dicaci
669 1126 824 1205 argutiae
862 1125 1089 1187 occurrendum
1123 1128 1237 1190 sannis
1270 1135 1302 1191 et

163 1210 294 1307 Sisyphi
317 1216 475 1273 comment
474 1213 505 1271 is
529 1232 631 1289 neque
654 1209 833 1283 dicendum,
857 1209 941 1289 quod
966 1209 1133 1290 prudentis
1149 1233 1214 1275 uon
1232 1218 1299 1276 est:

162 1316 221 1356 ora
253 1287 365 1378 ᾠμιι.Ι
412 1295 619 1375 imploremus
648 1296 803 1357 auxilium
835 1294 965 1367 domini,
995 1296 1181 1359 invocemus
1208 1317 1300 1379 prae-

161 1382 277 1445 sidium
314 1381 478 1443 docrinae
512 1387 544 1442 et
578 1381 762 1443 industriae
819 1380 853 1442 Si
886 1345 988 1442 ιΙιιιιίι
1025 1381 1234 1460 imperfectus
1267 1386 1300 1446 et

162 1467 310 1530 dimidiat
296 1471 349 1529 tus
374 1471 559 1547 procurator
582 1472 659 1539 erat,
684 1473 718 1529 ut
742 1467 801 1545 ipsi
824 1466 925 1546 ajunt,
958 1469 1121 1527 statuatur
1151 1469 1300 1549 egregius

162 1553 280 1633 aliquis
309 1558 448 1615 assertor
471 1552 536 1614 litis
559 1557 591 1614 et
614 1552 781 1632 dignitatis
813 1573 911 1627 meae,
935 1552 989 1630 qui
1013 1556 1044 1613 et
1069 1552 1136 1631 ipse
1167 1552 1300 1635 lapides,

162 1639 267 1702 utita
291 1637 412 1718 loquar,
437 1636 573 1718 proferre
597 1638 707 1717 possit,
731 1636 849 1717 quibus
873 1639 1035 1698 cerebrum
1058 1637 1205 1700 excutiat
1229 1638 1301 1701 istis

160 1722 420 1786 chorididascalis
444 1721 635 1799 vulturibus,
660 1723 861 1818 centonibus
886 1744 924 1784 ne
948 1721 1049 1783 bonos
1078 1722 1164 1784 viros
1195 1724 1300 1786 modis

160 1808 309 1872 omnibus
343 1809 516 1872 sollicitent
547 1810 614 1870 suis
644 1809 748 1882 minis,
777 1808 902 1887 jurgiis,
935 1806 1071 1869 iafritiis
1106 1807 1154 1870 iel
1193 1809 1300 1889 potius

161 1895 372 1971 immanitate
407 1894 579 1968 ferocitate,
615 1895 809 1974 arrogantia,
845 1891 1101 1955 incivilitateet
1138 1893 1299 1957 barbaria.

161 1978 324 2060 Ejusmodi
349 1980 431 2041 euim
457 1984 683 2061 propugnator,
707 1985 742 2040 ut
765 1979 842 2053 dixi,
866 1978 997 2040 invadat
1018 1966 1299 2043 Acutri-rolie't
1268 1985 1299 2043 et

161 2064 407 2128 conciliabulum
432 2064 456 2125 B
459 2064 732 2160 yrsopotarrrmet
756 2070 868 2151 urgeat
891 2085 1038 2127 eorums
1022 2063 1191 2143 syndicum
1223 2087 1295 2129 cum

160 2149 269 2212 aliist
255 2155 324 2212 tum
348 2149 433 2213 bisce
455 2149 625 2211 conviciis:
653 2150 802 2229 „Lusisti
849 2148 936 2211 Satis
959 2154 1016 2212 est.
1063 2147 1164 2211 Sedt
1150 2154 1193 2223 te,
1216 2150 1296 2214 mibi

161 2235 261 2310 crede,
286 2238 445 2297 memento
468 2234 556 2296 Intra
578 2234 768 2314 pelliculam,
802 2235 904 2309 cerdo,
936 2240 1043 2298 tenere
1066 2232 1205 2297 tuam.⁴‘³
1251 2235 1298 2300 Re

160 2321 244 2383 enim
268 2341 342 2383 vera
371 2319 513 2382 vultures
544 2324 621 2381 sunt
643 2325 673 2381 et
698 2320 857 2388 cerdones,
888 2321 942 2400 qui
973 2324 1107 2383 mortem
1142 2340 1207 2383 non
1241 2343 1296 2383 ex-

160 2409 343 2487 spectantes
359 2406 449 2467 vivos
471 2405 618 2466 nituntur
640 2405 771 2486 sepelire
793 2410 826 2467 et
849 2405 998 2468 devorare
1022 2405 1198 2468 facultates
1221 2413 1298 2469 aute

161 2495 297 2573 tempus.
336 2489 453 2553 Siuant
468 2510 518 2552 me
534 2491 654 2569 spirare
670 2490 799 2564 diutius,
817 2512 835 2552 a
852 2511 975 2553 summo
992 2489 1135 2552 babituri
1153 2490 1296 2569 domum,

161 2597 257 2657 quam
282 2597 366 2639 nunc
389 2575 506 2638 frustra
528 2576 578 2637 sui
601 2575 806 2638 emolumenti
830 2581 974 2655 respectu
991 2574 1116 2637 auferre
1133 2574 1296 2639 laborant.

162 2661 316 2737 Quocirca
353 2658 526 2722 Halleusis⁸
565 2661 625 2722 erit
662 2662 841 2741 imperator,
889 2660 983 2722 homo
1029 2660 1226 2722 exercitatus
1265 2667 1298 2725 ct

160 2748 332 2810 forensium
363 2745 465 2808 litium
498 2745 626 2826 peritus.
674 2745 734 2807 Vae
769 2746 885 2808 muscis
914 2751 945 2806 et
983 2744 1297 2809 Pseudocatonibusl

161 2832 251 2907 Quod
284 2831 386 2894 Jauus
418 2852 481 2893 non
521 2830 627 2911 potuit
663 2829 827 2910 depellere,
867 2830 1051 2911 profligabit
1089 2827 1296 2894 Osimondus.

161 2916 268 2980 Habes
289 2918 387 2996 igitur
411 2917 581 2996 epitomen,
606 2916 854 2994 procuratoriam
878 2937 942 2977 rem
968 2917 1031 2978 risu
1057 2935 1188 2994 prorsus
1204 2914 1299 2980 ludo-

161 3023 223 3083 que
246 3003 386 3082 diguam,
411 3000 465 3064 sed
490 3006 525 3063 ut
547 3006 690 3081 tempora
722 3006 807 3075 sunt,
838 3023 913 3062 sane
945 3001 1166 3063 necessariam.
1212 2999 1297 3065 Nam

161 3089 224 3150 ista
242 3087 363 3168 plebeja
381 3090 413 3149 et
429 3086 597 3148 vernacula
615 3085 769 3161 latinitas,
787 3087 878 3147 deum
898 3085 1120 3162 immortalem,
1138 3090 1297 3165 quantum

161 3172 279 3235 arridet
301 3172 500 3247 consistorio,
524 3176 681 3250 quantum
706 3171 817 3232 virium
836 3170 933 3232 habet
948 3170 989 3233 ad
1004 3170 1198 3234 excitandas
1213 3175 1298 3235 tem-

163 3262 312 3341 pestates,
335 3256 375 3319 ad
399 3257 635 3337 extorquendas
658 3257 857 3336 pecuniarias
880 3257 1055 3337 suppetias
1072 3254 1112 3318 ad
1130 3258 1298 3322 terrendos

161 3343 371 3406 adversarios!
424 3342 594 3403 Potueram
628 3341 789 3421 eleganter
822 3347 854 3403 et
888 3341 1011 3403 erudite
1049 3361 1153 3404 creare
1189 3340 1299 3406 deten-

161 3450 274 3503 sorem,
297 3429 352 3490 sed
375 3448 467 3488 aures
491 3427 571 3488 istae
596 3447 742 3488 mucosae
758 3447 821 3488 ιιοιι
838 3427 974 3488 audiunt
961 3432 1111 3522 tcyguos
1127 3428 1160 3488 et
1176 3424 1298 3492 Musas

162 3513 222 3577 Pot
209 3518 331 3575 tueram
357 3513 472 3574 imitari
497 3511 697 3575 doctissimos
717 3511 964 3605 jurisconsultos
991 3512 1060 3573 aeri
1093 3512 1299 3591 antiquioris,

161 3600 216 3663 scd
234 3604 307 3662 nost
309 3602 358 3660 rat
360 3620 393 3660 es
345 3596 555 3674 t,rabulae
580 3587 650 3656 ὄιιιι
673 3616 759 3677 ιιιιιις
782 3585 892 3674 attale,
916 3600 1026 3659 amant
1049 3617 1123 3658 suas
1147 3616 1299 3662 verrucas

161 3691 194 3748 et
224 3690 396 3748 naevoset
383 3683 540 3746 ttubera.
587 3682 657 3744 Non
683 3686 732 3744 est
754 3682 795 3744 ob
820 3682 851 3744 id
876 3681 1042 3745 consilium
1073 3685 1206 3761 tangere
1237 3683 1299 3748 hoc

162 3771 350 3833 carcinoma.
397 3767 495 3831 Nemo
519 3768 602 3830 enim
626 3768 704 3830 adeo
728 3789 864 3846 maguus
894 3766 1000 3829 adhuc
1022 3766 1069 3828 vel
1096 3766 1215 3830 tloruae
1248 3769 1297 3833 vel

161 3856 238 3919 alibi
269 3856 431 3929 inventus,
453 3854 508 3933 qui
532 3855 700 3934 protritum
724 3858 756 3915 et
780 3853 941 3934 vulgarem
964 3851 1023 3914 fori
1048 3852 1157 3914 stilum
1188 3874 1300 3917 eruen-

164 3942 239 4004 dare
261 3940 401 4003 auderet.
447 3937 523 4000 Vide
539 3938 713 4019 Capniouis
729 3939 850 4001 turbas.
897 3936 975 3999 Cum
994 3936 1138 3999 barbaris
1157 3936 1298 4005 barbare

162 4025 366 4106 digladiatur,
389 4025 572 4106 praesertim
596 4023 712 4104 apudJ
706 4023 832 4086 ‘udices
878 4022 927 4084 lta
949 4023 1028 4084 mihi
1051 4023 1195 4102 persuasi
1231 4046 1298 4089 ιιοιι

161 4110 349 4176 movendam
374 4132 441 4173 esse
465 4110 579 4172 lineam
604 4129 706 4188 neque
734 4111 836 4171 caecis
866 4108 1028 4256 speculum
1063 4107 1297 4174 adhibendum

161 4196 310 4272 Suntta
291 4201 389 4272 ιιιιοι,
422 4194 523 4257 multa
490 4196 723 4275 tsuperllua,
757 4195 898 4256 multa
891 4197 1010 4274 mepta.
1058 4191 1178 4273 „Fecit
1217 4215 1299 4260 con·

161 4247 278 4358 sittuit,
312 4281 431 4344 creavit
458 4279 674 4343 et·01diuarit
661 4285 852 4360 procura
853 4301 949 4356 orem
977 4243 1136 4354 nuntium,
1168 4284 1300 4362 negoti·

161 4389 251 4432 orum
283 4372 451 4448 gestorem,
458 4303 703 4428 Θιιιιιιιιιιιιιιιίί
740 4377 772 4427 et
805 4365 926 4446 reliqua
959 4363 1107 4426 lectionis
1139 4363 1299 4444 ejusdem.

231 4536 309 4592 ’Cic
338 4536 378 4590 De
403 4536 446 4591 off.
466 4535 487 4603 1,
507 4534 548 4589 23
618 4533 862 4602 ²Mugdcb,uru
844 4534 894 4585 uie
921 4534 969 4584 das
995 4533 1054 4601 tolg.
1082 4531 1304 4600 BJusopolae=

144 4604 356 4680 Magdcburger
432 4577 578 4663 minnist.
594 4603 647 4673 111,
664 4603 736 4672 ro,
727 4619 803 4671 usq
868 4602 1024 4652 1ιιιιιιιιιιιι
1055 4600 1084 4651 S
1100 4601 1149 4653 col
1168 4604 1247 4660 Μ.
