2774 4966
563 34 568 49 Ι

562 58 566 69 ι

561 74 565 93 l

420 15 1378 301 -

165 627 228 695 426
578 637 664 692 Briele
682 637 728 691 dea
744 636 769 693 J.
789 636 861 693 1514.

165 800 232 854 reice
251 801 380 856 Herbordu
397 805 453 856 und
475 805 596 876 Utaberye
613 807 723 860 tundali.
744 807 877 942 dgeplrord
892 802 957 875 lofft
973 807 1108 861 Botorum
1125 807 1286 877 Nochsolper

639 893 676 929 xu
693 894 745 929 wer
794 917 800 928 .

525 989 565 1038 Η.
583 988 709 1039 Urbano
727 985 782 1055 (Η.
800 978 920 1054 Rufus).

269 1095 300 1159 S.
346 1097 445 1160 Verba
467 1099 553 1179 prius
580 1121 620 1162 an
653 1098 769 1162 lactum
807 1101 978 1171 aestimem,
1011 1099 1126 1163 nescio.
1172 1098 1284 1163 Verbis

168 1182 251 1246 inest
272 1182 368 1245 robur
390 1183 510 1247 forense
533 1185 658 1267 plenum
690 1185 877 1248 altitudinis.
923 1183 1052 1248 Factum
1086 1190 1121 1248 ut
1149 1190 1198 1249 est
1227 1185 1285 1249 ad-

167 1267 319 1341 mirabile,
343 1270 387 1330 ita
409 1271 521 1352 partim
545 1271 649 1352 pravis
678 1272 790 1353 partim
824 1271 990 1353 sagacibus
1024 1270 1170 1334 refertum
1207 1291 1285 1336 con-

168 1354 256 1417 siliis.
302 1354 340 1416 Et
364 1356 423 1418 nisi
447 1356 559 1419 Hassia
590 1357 758 1421 lacerasset
792 1357 980 1420 Hartmauui
1010 1378 1096 1438 spem
1121 1362 1284 1420 eteorum

168 1440 422 1522 praesumptam,'
459 1442 566 1505 datum
602 1443 746 1506 videlicet
777 1442 888 1506 fuisset
920 1449 988 1506 toto
1022 1442 1096 1506 orbe
1130 1452 1283 1507 terrarum

167 1525 303 1606 inclytae
333 1527 556 1607 providentiae.
602 1527 662 1592 Sed
692 1529 728 1592 fit
758 1551 842 1592 more
872 1529 1018 1609 quodam,
1042 1527 1197 1605 utillum,
1232 1528 1285 1592 cui

168 1611 248 1674 male
281 1613 429 1689 succedit,
465 1615 567 1676 minus
606 1615 775 1695 providisse
810 1615 996 1696 judicemus
1035 1615 1178 1695 quamvis
1212 1612 1285 1696 jure

169 1698 298 1761 nitatur.
344 1698 401 1761 Hic
432 1704 481 1761 est
515 1700 565 1762 ille
601 1698 761 1777 Scballis‚²
797 1722 888 1782 quem
913 1701 945 1762 iu
968 1701 1066 1764 literis
1089 1700 1128 1762 ad
1151 1705 1183 1763 te
1205 1699 1284 1763 olim

167 1784 284 1855 notavi,
318 1784 454 1866 perfidus
477 1789 508 1848 et
530 1806 688 1867 arrogans,
716 1792 752 1850 ut
778 1786 841 1850 fere
873 1792 948 1848 sunt
976 1785 1221 1849 Hersleldienses
1251 1792 1287 1850 et

168 1869 303 1933 Lotiani.
350 1869 453 1934 Ausus
487 1877 535 1935 est
565 1871 688 1935 cuidam
721 1871 856 1955 Georgia
890 1871 1085 1935 subscribere
1118 1893 1181 1936 nou
1214 1871 1286 1935 sine

166 1954 296 2019 infamia
318 1957 349 2018 iu
374 1964 493 2038 patrem
517 1958 759 2021 Hartmannum:
784 1957 880 2032 orsio)
904 1978 934 2017 eo
957 1977 1029 2018 metr
1057 1959 1099 2018 tit
1127 1955 1211 2032 8iprl
1233 1962 1284 2018 bro

165 2040 263 2118 Sttpte
286 2042 436 2114 nobilitat
467 2049 565 2116 nrum
588 2046 736 2117 abrrfltbm.
780 2042 869 2106 Hanc
897 2042 1007 2105 falsam
1038 2048 1069 2106 et
1097 2044 1284 2107 ementitam

168 2126 413 2209 publicationem
438 2129 560 2191 invadit
581 2129 807 2203 Hartmannus‚
831 2130 962 2191 veritate
986 2130 1016 2192 in
1040 2130 1174 2193 medium
1208 2142 1284 2211 pro·

170 2210 259 2277 lala.⁸
303 2212 400 2295 Urget
423 2215 500 2277 duos
517 2214 713 2278 monachus!
758 2215 934 2278 Prosternit
951 2216 1113 2278 mendacia
1129 2213 1285 2294 Scballis3

167 2303 199 2363 et
221 2302 297 2382 puto
313 2300 345 2364 in
362 2299 421 2364 hoc
443 2321 555 2381 genere
578 2300 656 2365 nihil
679 2301 773 2365 scribi
795 2323 885 2385 posse
905 2301 1067 2365 nervosius
1090 2305 1121 2364 et
1143 2300 1285 2382 gravius,

166 2384 202 2449 ln
224 2386 323 2450 altera
345 2386 503 2467 epistola‚⁸
536 2388 614 2451 duas
636 2387 719 2451 enirn
743 2387 876 2451 exhibeo
909 2387 1067 2468 legendae,
1101 2388 1287 2452 continetur

167 2472 351 2554 simplicitas
384 2473 583 2557 legatorum‚⁶
616 2475 658 2533 bit
691 2494 723 2534 ou
760 2476 840 2548 pettit
877 2493 925 2547 rto
959 2472 1050 2547 julio
1087 2476 1177 2534 tamer
1212 2476 1284 2536 ertu.

166 2558 267 2623 Multa
289 2559 348 2621 scit
371 2557 577 2636 Herebordus
609 2564 753 2623 versutus
776 2564 807 2621 et
830 2559 962 2622 callidus
985 2565 1033 2621 est
1055 2558 1284 2640 Utiebergius.⁷

166 2643 247 2709 Novi
272 2644 367 2726 probe
389 2652 566 2727 utrumque,
590 2651 773 2709 nontamen
790 2647 896 2709 omnia
913 2645 1026 2707 sciunt.
1066 2645 1287 2709 l'erdidissent

166 2753 198 2794 se
230 2736 262 2793 et
288 2731 427 2793 civitatis
460 2730 605 2806 salutem,
634 2732 660 2794 si
687 2732 718 2792 in
752 2754 865 2794 manus
900 2731 1051 2795 nobilium
1083 2731 1283 2795 incidissent.

167 2815 328 2898 Aspiravit
349 2818 519 2881 temeritati
542 2818 675 2881 coeleste
706 2818 895 2898 praesidium
918 2822 951 2879 et
973 2817 1106 2880 instanti
1142 2816 1285 2898 periculo
1332 2884 1334 2888 ,

167 2901 282 2966 Crotus
304 2903 503 2966 securitatem
527 2904 671 2967 reddidit.
716 2903 765 2966 lta
789 2904 889 2967 fraudi
914 2925 975 2965 non
1000 2903 1061 2966 fuit
1082 2903 1189 2966 stultis
1213 2924 1286 2966 ora·

166 2988 289 3052 toribus
314 2989 568 3053 immobilitatis
614 2990 697 3052 Haec
720 2989 831 3053 melius
855 2994 1020 3053 narrantur
1042 3013 1061 3052 a
1084 2988 1187 3053 Croto.
1234 2987 1284 3054 Tu

167 3074 343 3138 occultabis
366 3097 439 3149 rem,
464 3098 503 3138 ne
526 3077 637 3139 civitas
660 3076 719 3140 tibi
741 3081 772 3139 et
795 3077 859 3138 tuis
882 3076 957 3138 velit
980 3098 1047 3140 esse
1070 3076 1208 3151 inimica,
1225 3077 1283 3139 sed

168 3161 210 3225 sit
233 3161 339 3244 potios
369 3161 506 3242 propitia
529 3168 560 3225 et
583 3161 711 3225 fautrix.
758 3162 919 3225 Promittit
941 3168 1047 3224 noster
1070 3162 1120 3224 ille
1144 3160 1284 3242 legatus⁸

167 3247 299 3330 grandia
328 3251 359 3310 et
389 3247 491 3310 locum
522 3247 656 3311 infelicis
689 3247 849 3311 Bubezani
885 3248 1066 3330 praesumit,
1100 3247 1158 3310 hoc
1192 3268 1284 3328 prae-

168 3334 263 3409 fatus,
286 3332 312 3394 si
337 3331 419 3410 velit,
443 3332 507 3396 lore
530 3338 566 3396 ut
588 3334 643 3396 fiat
666 3356 836 3396 successor.
880 3332 997 3396 Eadem
1031 3332 1141 3396 frater⁹
1169 3333 1284 3415 jactat.

169 3419 296 3496 Quanta
311 3418 388 3482 llaec
404 3420 538 3481 insania!
588 3419 669 3482 Ante
685 3421 835 3502 proelium
853 3420 939 3482 canit
954 3419 1103 3500 hymnum
1120 3420 1283 3483 victoriae.

168 3506 247 3568 Illud
281 3509 439 3587 exspecto,
470 3506 594 3587 qualem
629 3505 668 3568 lis
700 3506 742 3569 sit
773 3507 893 3568 exitum
927 3505 1082 3568 habitura.
1139 3505 1286 3586 Litigant

169 3680 371 3688 --——--·

238 3776 478 3828 ¹rlbtlla1tmann
497 3777 569 3829 hatto
588 3777 629 3829 die
648 3778 723 3830 abror
742 3776 824 3829 Fulda
847 3775 895 3826 mit
918 3775 1015 3827 seluern
1043 3775 1117 3827 Stilto
1147 3776 1286 3845 vereinigt,

169 3846 258 3898 surde
276 3845 337 3897 aber
355 3846 436 3897 durch
456 3846 497 3898 dio
516 3846 669 3898 Landrrttln
688 3863 736 3898 ron
757 3845 856 3896 llessen
875 3860 1041 3912 gozwungem
1060 3843 1173 3896 dieselbe
1187 3844 1287 3899 wieder

166 3915 214 3967 lrei
233 3931 265 3966 zu
283 3914 371 3982 geben.
408 3914 561 3987 Rommol,
590 3866 657 3967 lud.
684 3916 708 3967 d.
735 3915 848 3966 Groesm.
873 3913 893 3973 Ι,
919 3913 1027 3964 dtr-oo.
1106 3912 1287 3967 lHerslolder

167 3982 360 4037 Sclruhneister.
389 3983 446 4051 l'gl.
459 3986 483 4035 S.
495 3985 585 4036 3641.
597 3985 619 4036 7.
647 3983 711 4034 llior
721 3983 785 4033 wird
801 3983 855 4033 ihm
876 3981 932 4032 uino
950 3980 1048 4032 lalscbo
1068 3981 1181 4050 Anlrlagc
1201 3999 1286 4050 gegon

168 4053 220 4105 Abt
236 4051 380 4103 Hartmaun
400 4068 445 4102 zur·
464 4052 525 4104 Last.
545 4052 638 4119 golegt,
655 4052 682 4102 in
702 4051 870 4117 Verbindung
897 4049 943 4100 mit
968 4050 1051 4116 Goon„r
1078 4067 1127 4101 von
1155 4051 1285 4104 ll'eiters·

167 4122 275 4182 hausen,
294 4121 353 4172 dem
372 4120 479 4173 Probste
498 4137 548 4173 von
567 4120 719 4172 liauon'sec.
773 4121 783 4150 ³
801 4119 963 4183 llounerstag
973 4135 996 4171 u.
1008 4119 1143 4171 invocavit
1154 4120 1187 4186 (9.
1202 4120 1286 4184 blitrz)

168 4189 239 4241 hatto
267 4187 411 4240 Hartmaun
437 4189 493 4241 cino
521 4189 734 4255 Reclrtfertiung
757 4204 789 4239 an
814 4188 855 4239 dio
880 4187 1067 4239 licit-hssttlude
1094 4204 1174 4255 [rogen
1202 4189 1288 4257 Georg

169 4275 193 4308 v.
212 4257 426 4309 ll'oitershuuscu
446 4259 566 4310 erlasscn.
638 4259 648 4288 ⁴
665 4208 716 4308 ller-
734 4256 828 4308 Probst
847 4272 896 4306 von
917 4255 1188 4308 F1·aucuseodcn.lbt
1206 4256 1287 4310 llart·

169 4342 245 4377 maun
265 4326 316 4377 und
336 4326 386 4377 den
406 4327 551 4392 bislrcrigcu
571 4327 621 4377 tlt
640 4344 663 4377 r.
683 4325 811 4387 llcrsleld
831 4324 938 4389 l'olpcrt
950 4342 972 4375 r.
984 4324 1110 4376 llicdesol.
1164 4327 1289 4378 eci-otus

168 4395 239 4446 hatte
257 4411 304 4445 aus
322 4393 404 4446 Fulda
422 4396 486 4447 iiber
503 4397 553 4447 dun
571 4395 671 4446 llaudcl
692 4394 829 4450 berichtot,
847 4394 871 4443 iu
891 4394 975 4444 ciuem
994 4394 1018 4446 ⁴2.
1038 4393 1079 4445 ar.
1098 4394 1162 4444 iiber
1176 4394 1221 4446 die
1235 4396 1287 4447 Ge·

192 4463 328 4515 mdtsohaft
355 4464 400 4515 dor·
427 4464 543 4516 Erlurtcr
571 4464 634 4515 nach
666 4462 755 4514 Fulda.
824 4462 969 4513 ὓ1101110111
994 4479 1017 4513 v.
1036 4463 1060 4513 d.
1079 4461 1202 4514 Martlrcn
1232 4465 1287 4517 und

216 4531 288 4584 ber.
315 4532 371 4600 Vgl.
390 4531 415 4585 S.
434 4534 482 4584 421
502 4537 531 4585 A.
551 4534 576 4585 l.
632 4533 683 4584 ⁷5.
703 4531 751 4585 257
771 4533 800 4583 A.
819 4534 842 4584 4.
896 4530 1049 4591 “Herliord
1067 4531 1198 4583 dornoch
1220 4535 1287 4585 1514

220 4548 300 4654 Stolo
318 4601 364 4654 des
381 4601 581 4670 uogltiolrlichen
600 4600 720 4654 Bobozmu
737 4599 940 4667 Stodtsyndikus
957 4615 1007 4651 von
1026 4599 1114 4651 Erlurt
1131 4600 1229 4656 wuido.

233 4667 345 4724 Gerlach
362 4676 387 4727 t.
406 4672 430 4724 d.
448 4670 483 4724 lt.
518 4669 544 4724 S.
564 4670 615 4724 260
631 4672 662 4724 A.
680 4671 704 4722 4.
