<?xml version="1.0" encoding="UTF-8"?>
<!DOCTYPE html PUBLIC "-//W3C//DTD XHTML 1.0 Transitional//EN"
    "http://www.w3.org/TR/xhtml1/DTD/xhtml1-transitional.dtd">
<html xmlns="http://www.w3.org/1999/xhtml" xml:lang="en" lang="en">
 <head>
  <title>
</title>
<meta http-equiv="Content-Type" content="text/html;charset=utf-8" />
  <meta name='ocr-system' content='tesseract 3.04.00' />
  <meta name='ocr-capabilities' content='ocr_page ocr_carea ocr_par ocr_line ocrx_word'/>
</head>
<body>
  <div class='ocr_page' id='page_1' title='image "./derbriefwechsel00kraugoog_0386.png"; bbox 0 0 2774 4966; ppageno 0'>
   <div class='ocr_carea' id='block_1_1' title="bbox 10 0 992 2">
    <p class='ocr_par' dir='ltr' id='par_1_1' title="bbox 10 0 992 2">
     <span class='ocr_line' id='line_1_1' title="bbox 10 0 992 2; baseline 0 0"><span class='ocrx_word' id='word_1_1' title='bbox 10 0 992 2; x_wconf 95' lang='lat' dir='ltr'><strong> </strong></span> 
     </span>
    </p>
   </div>
   <div class='ocr_carea' id='block_1_2' title="bbox 505 616 1256 695">
    <p class='ocr_par' dir='ltr' id='par_1_2' title="bbox 505 616 1256 695">
     <span class='ocr_line' id='line_1_2' title="bbox 505 616 1256 695; baseline -0.008 -16"><span class='ocrx_word' id='word_1_2' title='bbox 505 623 709 695; x_wconf 78' lang='lat' dir='ltr'><strong>Chrysostomur</strong></span> <span class='ocrx_word' id='word_1_3' title='bbox 727 639 762 678; x_wconf 85' lang='lat' dir='ltr'><strong>au</strong></span> <span class='ocrx_word' id='word_1_4' title='bbox 779 622 892 678; x_wconf 72' lang='lat' dir='ltr'><strong>lintion.</strong></span> <span class='ocrx_word' id='word_1_5' title='bbox 1193 616 1256 681; x_wconf 81' lang='grc'><strong>299</strong></span> 
     </span>
    </p>
   </div>
   <div class='ocr_carea' id='block_1_3' title="bbox 132 790 1277 3730">
    <p class='ocr_par' dir='ltr' id='par_1_3' title="bbox 132 790 1277 3730">
     <span class='ocr_line' id='line_1_3' title="bbox 135 790 1256 876; baseline -0.008 -14"><span class='ocrx_word' id='word_1_6' title='bbox 135 798 224 876; x_wconf 81' lang='lat' dir='ltr'><strong>tatis,</strong></span> <span class='ocrx_word' id='word_1_7' title='bbox 253 798 353 863; x_wconf 87' lang='lat' dir='ltr'><strong>mulla</strong></span> <span class='ocrx_word' id='word_1_8' title='bbox 383 799 480 863; x_wconf 88' lang='lat' dir='ltr'><strong>etiam</strong></span> <span class='ocrx_word' id='word_1_9' title='bbox 502 798 616 862; x_wconf 83' lang='lat' dir='ltr'><strong>referre</strong></span> <span class='ocrx_word' id='word_1_10' title='bbox 639 823 657 862; x_wconf 90' lang='lat' dir='ltr'><strong>a</strong></span> <span class='ocrx_word' id='word_1_11' title='bbox 679 797 781 864; x_wconf 86' lang='lat' dir='ltr'><strong>medio</strong></span> <span class='ocrx_word' id='word_1_12' title='bbox 810 797 910 860; x_wconf 87' lang='lat' dir='ltr'><strong>Latio.</strong></span> <span class='ocrx_word' id='word_1_13' title='bbox 957 794 1044 875; x_wconf 79' lang='lat' dir='ltr'><strong>Roga</strong></span> <span class='ocrx_word' id='word_1_14' title='bbox 1075 793 1173 869; x_wconf 90' lang='lat' dir='ltr'><strong>illum,</strong></span> <span class='ocrx_word' id='word_1_15' title='bbox 1200 790 1256 855; x_wconf 92' lang='lat' dir='ltr'><strong>ubi</strong></span> 
     </span>
     <span class='ocr_line' id='line_1_4' title="bbox 135 877 1256 966; baseline -0.006 -18"><span class='ocrx_word' id='word_1_16' title='bbox 135 884 245 948; x_wconf 88' lang='lat' dir='ltr'><strong>literas</strong></span> <span class='ocrx_word' id='word_1_17' title='bbox 279 884 449 950; x_wconf 80' lang='lat' dir='ltr'><strong>didicisset.</strong></span> <span class='ocrx_word' id='word_1_18' title='bbox 494 884 683 966; x_wconf 79' lang='lat' dir='ltr'><strong>Respondit:</strong></span> <span class='ocrx_word' id='word_1_19' title='bbox 716 885 749 947; x_wconf 92' lang='lat' dir='ltr'><strong>in</strong></span> <span class='ocrx_word' id='word_1_20' title='bbox 779 882 956 946; x_wconf 85' lang='lat' dir='ltr'><strong>Germania.</strong></span> <span class='ocrx_word' id='word_1_21' title='bbox 1003 880 1096 943; x_wconf 86' lang='lat' dir='ltr'><strong>Tum:</strong></span> <span class='ocrx_word' id='word_1_22' title='bbox 1125 903 1143 943; x_wconf 91' lang='lat' dir='ltr'><strong>a</strong></span> <span class='ocrx_word' id='word_1_23' title='bbox 1171 877 1256 961; x_wconf 85' lang='lat' dir='ltr'><strong>quo?</strong></span> 
     </span>
     <span class='ocr_line' id='line_1_5' title="bbox 133 967 1255 1052; baseline -0.006 -18"><span class='ocrx_word' id='word_1_24' title='bbox 133 971 272 1035; x_wconf 79' lang='lat' dir='ltr'><strong>Retulit:</strong></span> <span class='ocrx_word' id='word_1_25' title='bbox 307 995 325 1035; x_wconf 88' lang='lat' dir='ltr'><strong>a</strong></span> <span class='ocrx_word' id='word_1_26' title='bbox 355 971 448 1036; x_wconf 89' lang='lat' dir='ltr'><strong>docto</strong></span> <span class='ocrx_word' id='word_1_27' title='bbox 483 972 620 1052; x_wconf 90' lang='lat' dir='ltr'><strong>quodam</strong></span> <span class='ocrx_word' id='word_1_28' title='bbox 657 972 732 1046; x_wconf 89' lang='lat' dir='ltr'><strong>viru,</strong></span> <span class='ocrx_word' id='word_1_29' title='bbox 767 970 817 1033; x_wconf 87' lang='lat' dir='ltr'><strong>cui</strong></span> <span class='ocrx_word' id='word_1_30' title='bbox 850 969 992 1032; x_wconf 86' lang='lat' dir='ltr'><strong>lllutiano</strong></span> <span class='ocrx_word' id='word_1_31' title='bbox 1026 967 1108 1029; x_wconf 85' lang='lat' dir='ltr'><strong>Rufo</strong></span> <span class='ocrx_word' id='word_1_32' title='bbox 1141 986 1255 1029; x_wconf 90' lang='lat' dir='ltr'><strong>nomen</strong></span> 
     </span>
     <span class='ocr_line' id='line_1_6' title="bbox 132 1053 1256 1141; baseline -0.006 -20"><span class='ocrx_word' id='word_1_33' title='bbox 132 1062 229 1133; x_wconf 84' lang='lat' dir='ltr'><strong>esset,</strong></span> <span class='ocrx_word' id='word_1_34' title='bbox 264 1080 327 1141; x_wconf 87' lang='lat' dir='ltr'><strong>quo</strong></span> <span class='ocrx_word' id='word_1_35' title='bbox 361 1063 393 1121; x_wconf 87' lang='lat' dir='ltr'><strong>et</strong></span> <span class='ocrx_word' id='word_1_36' title='bbox 424 1058 500 1120; x_wconf 86' lang='lat' dir='ltr'><strong>hero</strong></span> <span class='ocrx_word' id='word_1_37' title='bbox 533 1063 564 1121; x_wconf 92' lang='lat' dir='ltr'><strong>et</strong></span> <span class='ocrx_word' id='word_1_38' title='bbox 594 1063 795 1139; x_wconf 78' lang='lat' dir='ltr'><strong>praeceptore</strong></span> <span class='ocrx_word' id='word_1_39' title='bbox 829 1078 924 1138; x_wconf 91' lang='lat' dir='ltr'><strong>supra</strong></span> <span class='ocrx_word' id='word_1_40' title='bbox 958 1053 1144 1117; x_wconf 88' lang='lat' dir='ltr'><strong>decennium</strong></span> <span class='ocrx_word' id='word_1_41' title='bbox 1181 1072 1256 1114; x_wconf 87' lang='lat' dir='ltr'><strong>usus</strong></span> 
     </span>
     <span class='ocr_line' id='line_1_7' title="bbox 133 1137 1255 1226; baseline -0.005 -20"><span class='ocrx_word' id='word_1_42' title='bbox 133 1142 255 1207; x_wconf 83' lang='lat' dir='ltr'><strong>fuerit&#39;</strong></span> <span class='ocrx_word' id='word_1_43' title='bbox 303 1143 444 1225; x_wconf 82' lang='lat' dir='ltr'><strong>Cognovi</strong></span> <span class='ocrx_word' id='word_1_44' title='bbox 468 1144 626 1226; x_wconf 90' lang='lat' dir='ltr'><strong>extemplo</strong></span> <span class='ocrx_word' id='word_1_45' title='bbox 651 1144 735 1207; x_wconf 91' lang='lat' dir='ltr'><strong>istud</strong></span> <span class='ocrx_word' id='word_1_46' title='bbox 760 1164 873 1206; x_wconf 91' lang='lat' dir='ltr'><strong>nomen</strong></span> <span class='ocrx_word' id='word_1_47' title='bbox 890 1165 928 1204; x_wconf 90' lang='lat' dir='ltr'><strong>ox</strong></span> <span class='ocrx_word' id='word_1_48' title='bbox 945 1140 1063 1203; x_wconf 77' lang='lat' dir='ltr'><strong>Italicis</strong></span> <span class='ocrx_word' id='word_1_49' title='bbox 1086 1137 1255 1202; x_wconf 82' lang='lat' dir='ltr'><strong>academiis</strong></span> 
     </span>
     <span class='ocr_line' id='line_1_8' title="bbox 138 1223 1255 1311; baseline -0.005 -19"><span class='ocrx_word' id='word_1_50' title='bbox 138 1236 245 1292; x_wconf 90' lang='lat' dir='ltr'><strong>notam</strong></span> <span class='ocrx_word' id='word_1_51' title='bbox 260 1243 274 1269; x_wconf 75' lang='lat'>⁸</span> <span class='ocrx_word' id='word_1_52' title='bbox 298 1229 411 1294; x_wconf 88' lang='lat' dir='ltr'><strong>habere</strong></span> <span class='ocrx_word' id='word_1_53' title='bbox 434 1234 530 1310; x_wconf 89' lang='lat' dir='ltr'><strong>atque</strong></span> <span class='ocrx_word' id='word_1_54' title='bbox 553 1229 647 1311; x_wconf 87' lang='lat' dir='ltr'><strong>hujus</strong></span> <span class='ocrx_word' id='word_1_55' title='bbox 669 1229 856 1293; x_wconf 85' lang='lat' dir='ltr'><strong>elocutionis</strong></span> <span class='ocrx_word' id='word_1_56' title='bbox 878 1227 1013 1291; x_wconf 89' lang='lat' dir='ltr'><strong>rivulum</strong></span> <span class='ocrx_word' id='word_1_57' title='bbox 1031 1225 1150 1290; x_wconf 87' lang='lat' dir='ltr'><strong>fontem</strong></span> <span class='ocrx_word' id='word_1_58' title='bbox 1167 1223 1255 1287; x_wconf 90' lang='lat' dir='ltr'><strong>illum</strong></span> 
     </span>
     <span class='ocr_line' id='line_1_9' title="bbox 136 1314 1255 1398; baseline -0.004 -20"><span class='ocrx_word' id='word_1_59' title='bbox 136 1338 254 1398; x_wconf 86' lang='lat' dir='ltr'><strong>sapere.</strong></span> <span class='ocrx_word' id='word_1_60' title='bbox 301 1316 431 1380; x_wconf 81' lang='lat' dir='ltr'><strong>Addidit</strong></span> <span class='ocrx_word' id='word_1_61' title='bbox 466 1316 577 1379; x_wconf 90' lang='lat' dir='ltr'><strong>deinde</strong></span> <span class='ocrx_word' id='word_1_62' title='bbox 611 1316 720 1392; x_wconf 88' lang='lat' dir='ltr'><strong>multa,</strong></span> <span class='ocrx_word' id='word_1_63' title='bbox 751 1316 824 1378; x_wconf 90' lang='lat' dir='ltr'><strong>dum</strong></span> <span class='ocrx_word' id='word_1_64' title='bbox 856 1314 997 1395; x_wconf 85' lang='lat' dir='ltr'><strong>quotidie</strong></span> <span class='ocrx_word' id='word_1_65' title='bbox 1020 1334 1084 1374; x_wconf 90' lang='lat' dir='ltr'><strong>una</strong></span> <span class='ocrx_word' id='word_1_66' title='bbox 1106 1331 1255 1388; x_wconf 87' lang='lat' dir='ltr'><strong>essemus,</strong></span> 
     </span>
     <span class='ocr_line' id='line_1_10' title="bbox 137 1397 1256 1480; baseline -0.006 -15"><span class='ocrx_word' id='word_1_67' title='bbox 137 1403 175 1465; x_wconf 91' lang='lat' dir='ltr'><strong>de</strong></span> <span class='ocrx_word' id='word_1_68' title='bbox 197 1402 340 1465; x_wconf 89' lang='lat' dir='ltr'><strong>doctrina</strong></span> <span class='ocrx_word' id='word_1_69' title='bbox 362 1407 428 1479; x_wconf 85' lang='lat' dir='ltr'><strong>tua,</strong></span> <span class='ocrx_word' id='word_1_70' title='bbox 452 1403 489 1465; x_wconf 89' lang='lat' dir='ltr'><strong>de</strong></span> <span class='ocrx_word' id='word_1_71' title='bbox 515 1402 668 1480; x_wconf 88' lang='lat' dir='ltr'><strong>bonitate,</strong></span> <span class='ocrx_word' id='word_1_72' title='bbox 692 1403 729 1464; x_wconf 87' lang='lat' dir='ltr'><strong>de</strong></span> <span class='ocrx_word' id='word_1_73' title='bbox 751 1401 951 1475; x_wconf 82' lang='lat' dir='ltr'><strong>liberalitate,</strong></span> <span class='ocrx_word' id='word_1_74' title='bbox 975 1400 1012 1462; x_wconf 89' lang='lat' dir='ltr'><strong>de</strong></span> <span class='ocrx_word' id='word_1_75' title='bbox 1029 1397 1256 1462; x_wconf 85' lang='lat' dir='ltr'><strong>consuetudine</strong></span> 
     </span>
     <span class='ocr_line' id='line_1_11' title="bbox 136 1483 1257 1571; baseline -0.005 -21"><span class='ocrx_word' id='word_1_76' title='bbox 136 1488 334 1551; x_wconf 88' lang='lat' dir='ltr'><strong>suavissima.</strong></span> <span class='ocrx_word' id='word_1_77' title='bbox 380 1489 460 1565; x_wconf 83' lang='lat' dir='ltr'><strong>Quid</strong></span> <span class='ocrx_word' id='word_1_78' title='bbox 499 1489 648 1570; x_wconf 81' lang='lat' dir='ltr'><strong>quaeris?</strong></span> <span class='ocrx_word' id='word_1_79' title='bbox 699 1487 811 1571; x_wconf 88' lang='lat' dir='ltr'><strong>Coepit</strong></span> <span class='ocrx_word' id='word_1_80' title='bbox 848 1509 980 1560; x_wconf 89' lang='lat' dir='ltr'><strong>mecum,</strong></span> <span class='ocrx_word' id='word_1_81' title='bbox 1019 1490 1050 1548; x_wconf 87' lang='lat' dir='ltr'><strong>et</strong></span> <span class='ocrx_word' id='word_1_82' title='bbox 1086 1484 1160 1546; x_wconf 88' lang='lat' dir='ltr'><strong>dum</strong></span> <span class='ocrx_word' id='word_1_83' title='bbox 1198 1483 1257 1546; x_wconf 88' lang='lat' dir='ltr'><strong>iter</strong></span> 
     </span>
     <span class='ocr_line' id='line_1_12' title="bbox 136 1570 1256 1653; baseline -0.004 -17"><span class='ocrx_word' id='word_1_84' title='bbox 136 1573 270 1636; x_wconf 81' lang='lat' dir='ltr'><strong>facimus</strong></span> <span class='ocrx_word' id='word_1_85' title='bbox 304 1578 335 1637; x_wconf 90' lang='lat' dir='ltr'><strong>ot</strong></span> <span class='ocrx_word' id='word_1_86' title='bbox 366 1575 440 1637; x_wconf 92' lang='lat' dir='ltr'><strong>dum</strong></span> <span class='ocrx_word' id='word_1_87' title='bbox 474 1574 624 1638; x_wconf 88' lang='lat' dir='ltr'><strong>Coloniae</strong></span> <span class='ocrx_word' id='word_1_88' title='bbox 657 1596 777 1653; x_wconf 88' lang='lat' dir='ltr'><strong>sumus,</strong></span> <span class='ocrx_word' id='word_1_89' title='bbox 811 1575 856 1636; x_wconf 86' lang='lat' dir='ltr'><strong>ita</strong></span> <span class='ocrx_word' id='word_1_90' title='bbox 889 1573 1004 1636; x_wconf 88' lang='lat' dir='ltr'><strong>versari</strong></span> <span class='ocrx_word' id='word_1_91' title='bbox 1038 1577 1070 1634; x_wconf 91' lang='lat' dir='ltr'><strong>et</strong></span> <span class='ocrx_word' id='word_1_92' title='bbox 1100 1593 1137 1632; x_wconf 89' lang='lat' dir='ltr'><strong>ea</strong></span> <span class='ocrx_word' id='word_1_93' title='bbox 1164 1570 1202 1632; x_wconf 91' lang='lat' dir='ltr'><strong>de</strong></span> <span class='ocrx_word' id='word_1_94' title='bbox 1225 1574 1256 1632; x_wconf 87' lang='lat' dir='ltr'><strong>te</strong></span> 
     </span>
     <span class='ocr_line' id='line_1_13' title="bbox 137 1656 1255 1742; baseline -0.004 -20"><span class='ocrx_word' id='word_1_95' title='bbox 137 1660 326 1740; x_wconf 85' lang='lat' dir='ltr'><strong>praedicare,</strong></span> <span class='ocrx_word' id='word_1_96' title='bbox 351 1664 387 1723; x_wconf 90' lang='lat' dir='ltr'><strong>ut</strong></span> <span class='ocrx_word' id='word_1_97' title='bbox 409 1660 493 1723; x_wconf 88' lang='lat' dir='ltr'><strong>intra</strong></span> <span class='ocrx_word' id='word_1_98' title='bbox 508 1682 625 1742; x_wconf 87' lang='lat' dir='ltr'><strong>paucos</strong></span> <span class='ocrx_word' id='word_1_99' title='bbox 648 1661 715 1722; x_wconf 90' lang='lat' dir='ltr'><strong>dies</strong></span> <span class='ocrx_word' id='word_1_100' title='bbox 738 1684 776 1723; x_wconf 87' lang='lat' dir='ltr'><strong>ex</strong></span> <span class='ocrx_word' id='word_1_101' title='bbox 799 1665 867 1723; x_wconf 92' lang='lat' dir='ltr'><strong>toto</strong></span> <span class='ocrx_word' id='word_1_102' title='bbox 890 1665 946 1723; x_wconf 89' lang='lat' dir='ltr'><strong>too</strong></span> <span class='ocrx_word' id='word_1_103' title='bbox 970 1658 1073 1721; x_wconf 88' lang='lat' dir='ltr'><strong>factus</strong></span> <span class='ocrx_word' id='word_1_104' title='bbox 1095 1657 1137 1720; x_wconf 92' lang='lat' dir='ltr'><strong>sit</strong></span> <span class='ocrx_word' id='word_1_105' title='bbox 1160 1656 1255 1719; x_wconf 89' lang='lat' dir='ltr'><strong>etiam</strong></span> 
     </span>
     <span class='ocr_line' id='line_1_14' title="bbox 138 1746 1256 1828; baseline -0.002 -20"><span class='ocrx_word' id='word_1_106' title='bbox 138 1767 236 1823; x_wconf 91' lang='lat' dir='ltr'><strong>meus,</strong></span> <span class='ocrx_word' id='word_1_107' title='bbox 260 1751 291 1809; x_wconf 93' lang='lat' dir='ltr'><strong>et</strong></span> <span class='ocrx_word' id='word_1_108' title='bbox 314 1748 360 1811; x_wconf 92' lang='lat' dir='ltr'><strong>ita</strong></span> <span class='ocrx_word' id='word_1_109' title='bbox 381 1769 480 1822; x_wconf 89' lang='lat' dir='ltr'><strong>meus,</strong></span> <span class='ocrx_word' id='word_1_110' title='bbox 504 1752 625 1811; x_wconf 91' lang='lat' dir='ltr'><strong>utnon</strong></span> <span class='ocrx_word' id='word_1_111' title='bbox 656 1751 721 1809; x_wconf 87' lang='lat' dir='ltr'><strong>tam</strong></span> <span class='ocrx_word' id='word_1_112' title='bbox 749 1749 816 1828; x_wconf 87' lang='lat' dir='ltr'><strong>ipse</strong></span> <span class='ocrx_word' id='word_1_113' title='bbox 844 1746 947 1809; x_wconf 86' lang='lat' dir='ltr'><strong>factus</strong></span> <span class='ocrx_word' id='word_1_114' title='bbox 970 1746 1012 1809; x_wconf 93' lang='lat' dir='ltr'><strong>sit</strong></span> <span class='ocrx_word' id='word_1_115' title='bbox 1035 1764 1135 1818; x_wconf 88' lang='lat' dir='ltr'><strong>meus,</strong></span> <span class='ocrx_word' id='word_1_116' title='bbox 1161 1764 1256 1824; x_wconf 91' lang='lat' dir='ltr'><strong>quam</strong></span> 
     </span>
     <span class='ocr_line' id='line_1_15' title="bbox 135 1830 1257 1916; baseline -0.003 -22"><span class='ocrx_word' id='word_1_117' title='bbox 135 1853 186 1894; x_wconf 88' lang='lat' dir='ltr'><strong>me</strong></span> <span class='ocrx_word' id='word_1_118' title='bbox 214 1833 316 1913; x_wconf 92' lang='lat' dir='ltr'><strong>ipsum</strong></span> <span class='ocrx_word' id='word_1_119' title='bbox 352 1833 445 1915; x_wconf 89' lang='lat' dir='ltr'><strong>plane</strong></span> <span class='ocrx_word' id='word_1_120' title='bbox 477 1832 587 1897; x_wconf 88' lang='lat' dir='ltr'><strong>fecerit</strong></span> <span class='ocrx_word' id='word_1_121' title='bbox 618 1838 718 1910; x_wconf 90' lang='lat' dir='ltr'><strong>tuum,</strong></span> <span class='ocrx_word' id='word_1_122' title='bbox 747 1835 822 1916; x_wconf 90' lang='lat' dir='ltr'><strong>quin</strong></span> <span class='ocrx_word' id='word_1_123' title='bbox 847 1837 878 1896; x_wconf 91' lang='lat' dir='ltr'><strong>et</strong></span> <span class='ocrx_word' id='word_1_124' title='bbox 901 1833 926 1894; x_wconf 91' lang='lat' dir='ltr'><strong>it</strong></span> <span class='ocrx_word' id='word_1_125' title='bbox 973 1835 1073 1906; x_wconf 91' lang='lat' dir='ltr'><strong>tuum,</strong></span> <span class='ocrx_word' id='word_1_126' title='bbox 1097 1834 1134 1892; x_wconf 92' lang='lat' dir='ltr'><strong>ut</strong></span> <span class='ocrx_word' id='word_1_127' title='bbox 1156 1830 1257 1892; x_wconf 88' lang='lat' dir='ltr'><strong>dicere</strong></span> 
     </span>
     <span class='ocr_line' id='line_1_16' title="bbox 135 1915 1258 2002; baseline -0.003 -20"><span class='ocrx_word' id='word_1_128' title='bbox 135 1918 238 1982; x_wconf 87' lang='lat' dir='ltr'><strong>ausim</strong></span> <span class='ocrx_word' id='word_1_129' title='bbox 263 1941 301 1981; x_wconf 89' lang='lat' dir='ltr'><strong>ne</strong></span> <span class='ocrx_word' id='word_1_130' title='bbox 325 1919 427 2001; x_wconf 85' lang='lat' dir='ltr'><strong>ipsum</strong></span> <span class='ocrx_word' id='word_1_131' title='bbox 450 1920 577 2000; x_wconf 90' lang='lat' dir='ltr'><strong>quidem</strong></span> <span class='ocrx_word' id='word_1_132' title='bbox 601 1941 668 1983; x_wconf 88' lang='lat' dir='ltr'><strong>esse</strong></span> <span class='ocrx_word' id='word_1_133' title='bbox 690 1925 755 1983; x_wconf 91' lang='lat' dir='ltr'><strong>tam</strong></span> <span class='ocrx_word' id='word_1_134' title='bbox 779 1924 879 1995; x_wconf 91' lang='lat' dir='ltr'><strong>tuum,</strong></span> <span class='ocrx_word' id='word_1_135' title='bbox 898 1940 960 2002; x_wconf 91' lang='lat' dir='ltr'><strong>quo</strong></span> <span class='ocrx_word' id='word_1_136' title='bbox 978 1939 1040 1980; x_wconf 93' lang='lat' dir='ltr'><strong>uno</strong></span> <span class='ocrx_word' id='word_1_137' title='bbox 1058 1915 1136 1979; x_wconf 92' lang='lat' dir='ltr'><strong>nihil</strong></span> <span class='ocrx_word' id='word_1_138' title='bbox 1153 1919 1258 1999; x_wconf 86' lang='lat' dir='ltr'><strong>potest</strong></span> 
     </span>
     <span class='ocr_line' id='line_1_17' title="bbox 136 2001 1258 2088; baseline -0.002 -22"><span class='ocrx_word' id='word_1_139' title='bbox 136 2026 205 2066; x_wconf 89' lang='lat' dir='ltr'><strong>esse</strong></span> <span class='ocrx_word' id='word_1_140' title='bbox 235 2005 336 2086; x_wconf 84' lang='lat' dir='ltr'><strong>magis</strong></span> <span class='ocrx_word' id='word_1_141' title='bbox 365 2011 464 2068; x_wconf 92' lang='lat' dir='ltr'><strong>tuum.</strong></span> <span class='ocrx_word' id='word_1_142' title='bbox 511 2007 579 2083; x_wconf 82' lang='lat' dir='ltr'><strong>Quo</strong></span> <span class='ocrx_word' id='word_1_143' title='bbox 602 2007 639 2069; x_wconf 90' lang='lat' dir='ltr'><strong>fit</strong></span> <span class='ocrx_word' id='word_1_144' title='bbox 660 2012 706 2081; x_wconf 88' lang='lat' dir='ltr'><strong>ut,</strong></span> <span class='ocrx_word' id='word_1_145' title='bbox 735 2028 805 2070; x_wconf 90' lang='lat' dir='ltr'><strong>cum</strong></span> <span class='ocrx_word' id='word_1_146' title='bbox 828 2027 886 2086; x_wconf 76' lang='lat' dir='ltr'><strong>ego</strong></span> <span class='ocrx_word' id='word_1_147' title='bbox 916 2006 976 2068; x_wconf 85' lang='lat' dir='ltr'><strong>sim</strong></span> <span class='ocrx_word' id='word_1_148' title='bbox 1006 2001 1258 2088; x_wconf 21' lang='lat' dir='ltr'><strong>mihi-conscius</strong></span> 
     </span>
     <span class='ocr_line' id='line_1_18' title="bbox 136 2087 1255 2173; baseline -0.004 -20"><span class='ocrx_word' id='word_1_149' title='bbox 136 2090 438 2173; x_wconf 89' lang='lat' dir='ltr'><strong>quantuluscunque</strong></span> <span class='ocrx_word' id='word_1_150' title='bbox 460 2115 529 2155; x_wconf 92' lang='lat' dir='ltr'><strong>sum</strong></span> <span class='ocrx_word' id='word_1_151' title='bbox 560 2114 628 2155; x_wconf 88' lang='lat' dir='ltr'><strong>esse</strong></span> <span class='ocrx_word' id='word_1_152' title='bbox 647 2097 732 2168; x_wconf 92' lang='lat' dir='ltr'><strong>tuus,</strong></span> <span class='ocrx_word' id='word_1_153' title='bbox 754 2115 817 2156; x_wconf 92' lang='lat' dir='ltr'><strong>non</strong></span> <span class='ocrx_word' id='word_1_154' title='bbox 834 2092 971 2156; x_wconf 90' lang='lat' dir='ltr'><strong>alienum</strong></span> <span class='ocrx_word' id='word_1_155' title='bbox 1000 2113 1067 2153; x_wconf 88' lang='lat' dir='ltr'><strong>esse</strong></span> <span class='ocrx_word' id='word_1_156' title='bbox 1083 2087 1255 2152; x_wconf 88' lang='lat' dir='ltr'><strong>censuerim</strong></span> 
     </span>
     <span class='ocr_line' id='line_1_19' title="bbox 136 2175 1257 2260; baseline -0.003 -20"><span class='ocrx_word' id='word_1_157' title='bbox 136 2177 175 2240; x_wconf 89' lang='lat' dir='ltr'><strong>de</strong></span> <span class='ocrx_word' id='word_1_158' title='bbox 198 2177 263 2240; x_wconf 89' lang='lat' dir='ltr'><strong>viro</strong></span> <span class='ocrx_word' id='word_1_159' title='bbox 293 2177 417 2242; x_wconf 85' lang='lat' dir='ltr'><strong>literato</strong></span> <span class='ocrx_word' id='word_1_160' title='bbox 445 2185 477 2242; x_wconf 87' lang='lat' dir='ltr'><strong>et</strong></span> <span class='ocrx_word' id='word_1_161' title='bbox 499 2200 545 2254; x_wconf 88' lang='lat' dir='ltr'><strong>eu,</strong></span> <span class='ocrx_word' id='word_1_162' title='bbox 570 2180 623 2259; x_wconf 93' lang='lat' dir='ltr'><strong>qui</strong></span> <span class='ocrx_word' id='word_1_163' title='bbox 646 2185 769 2260; x_wconf 86' lang='lat' dir='ltr'><strong>praetor</strong></span> <span class='ocrx_word' id='word_1_164' title='bbox 796 2179 988 2242; x_wconf 82' lang='lat' dir='ltr'><strong>cultissimus</strong></span> <span class='ocrx_word' id='word_1_165' title='bbox 1017 2177 1123 2240; x_wconf 88' lang='lat' dir='ltr'><strong>literas</strong></span> <span class='ocrx_word' id='word_1_166' title='bbox 1146 2175 1257 2238; x_wconf 90' lang='lat' dir='ltr'><strong>huma-</strong></span> 
     </span>
     <span class='ocr_line' id='line_1_20' title="bbox 136 2262 1257 2344; baseline -0.002 -18"><span class='ocrx_word' id='word_1_167' title='bbox 136 2262 285 2326; x_wconf 86' lang='lat' dir='ltr'><strong>nissimos</strong></span> <span class='ocrx_word' id='word_1_168' title='bbox 308 2264 403 2327; x_wconf 87' lang='lat' dir='ltr'><strong>etiam</strong></span> <span class='ocrx_word' id='word_1_169' title='bbox 429 2286 529 2329; x_wconf 88' lang='lat' dir='ltr'><strong>mores</strong></span> <span class='ocrx_word' id='word_1_170' title='bbox 552 2288 591 2328; x_wconf 89' lang='lat' dir='ltr'><strong>ex</strong></span> <span class='ocrx_word' id='word_1_171' title='bbox 613 2265 705 2328; x_wconf 87' lang='lat' dir='ltr'><strong>ltalia</strong></span> <span class='ocrx_word' id='word_1_172' title='bbox 728 2265 877 2336; x_wconf 82' lang='lat' dir='ltr'><strong>hauserit,</strong></span> <span class='ocrx_word' id='word_1_173' title='bbox 906 2269 1031 2329; x_wconf 89' lang='lat' dir='ltr'><strong>tantum</strong></span> <span class='ocrx_word' id='word_1_174' title='bbox 1059 2262 1137 2326; x_wconf 90' lang='lat' dir='ltr'><strong>mihi</strong></span> <span class='ocrx_word' id='word_1_175' title='bbox 1167 2283 1257 2344; x_wconf 87' lang='lat' dir='ltr'><strong>posse</strong></span> 
     </span>
     <span class='ocr_line' id='line_1_21' title="bbox 135 2347 1256 2435; baseline 0 -24"><span class='ocrx_word' id='word_1_176' title='bbox 135 2349 292 2434; x_wconf 87' lang='lat' dir='ltr'><strong>polliceri,</strong></span> <span class='ocrx_word' id='word_1_177' title='bbox 328 2358 363 2415; x_wconf 91' lang='lat' dir='ltr'><strong>ut</strong></span> <span class='ocrx_word' id='word_1_178' title='bbox 392 2373 499 2414; x_wconf 89' lang='lat' dir='ltr'><strong>meum</strong></span> <span class='ocrx_word' id='word_1_179' title='bbox 531 2358 563 2415; x_wconf 90' lang='lat' dir='ltr'><strong>te</strong></span> <span class='ocrx_word' id='word_1_180' title='bbox 597 2352 740 2430; x_wconf 89' lang='lat' dir='ltr'><strong>dixerim,</strong></span> <span class='ocrx_word' id='word_1_181' title='bbox 775 2352 920 2435; x_wconf 86' lang='lat' dir='ltr'><strong>quamvis</strong></span> <span class='ocrx_word' id='word_1_182' title='bbox 952 2373 1054 2433; x_wconf 89' lang='lat' dir='ltr'><strong>neque</strong></span> <span class='ocrx_word' id='word_1_183' title='bbox 1087 2349 1174 2414; x_wconf 89' lang='lat' dir='ltr'><strong>visus</strong></span> <span class='ocrx_word' id='word_1_184' title='bbox 1196 2347 1256 2412; x_wconf 91' lang='lat' dir='ltr'><strong>tibi</strong></span> 
     </span>
     <span class='ocr_line' id='line_1_22' title="bbox 137 2436 1257 2521; baseline -0.001 -22"><span class='ocrx_word' id='word_1_185' title='bbox 137 2456 270 2517; x_wconf 91' lang='lat' dir='ltr'><strong>usquam</strong></span> <span class='ocrx_word' id='word_1_186' title='bbox 286 2438 300 2476; x_wconf 74' lang='lat' dir='ltr'><strong>b</strong></span> <span class='ocrx_word' id='word_1_187' title='bbox 324 2459 425 2519; x_wconf 87' lang='lat' dir='ltr'><strong>neque</strong></span> <span class='ocrx_word' id='word_1_188' title='bbox 442 2439 569 2501; x_wconf 90' lang='lat' dir='ltr'><strong>nomine</strong></span> <span class='ocrx_word' id='word_1_189' title='bbox 585 2438 712 2520; x_wconf 89' lang='lat' dir='ltr'><strong>quidem</strong></span> <span class='ocrx_word' id='word_1_190' title='bbox 730 2444 824 2503; x_wconf 91' lang='lat' dir='ltr'><strong>notus</strong></span> <span class='ocrx_word' id='word_1_191' title='bbox 840 2460 981 2521; x_wconf 89' lang='lat' dir='ltr'><strong>unquam</strong></span> <span class='ocrx_word' id='word_1_192' title='bbox 997 2437 1117 2501; x_wconf 86' lang='lat' dir='ltr'><strong>fuerim.</strong></span> <span class='ocrx_word' id='word_1_193' title='bbox 1155 2436 1257 2499; x_wconf 84' lang='lat' dir='ltr'><strong>Batus</strong></span> 
     </span>
     <span class='ocr_line' id='line_1_23' title="bbox 135 2522 1257 2607; baseline -0.001 -21"><span class='ocrx_word' id='word_1_194' title='bbox 135 2522 281 2604; x_wconf 91' lang='lat' dir='ltr'><strong>equidem</strong></span> <span class='ocrx_word' id='word_1_195' title='bbox 306 2530 338 2586; x_wconf 91' lang='lat' dir='ltr'><strong>et</strong></span> <span class='ocrx_word' id='word_1_196' title='bbox 359 2523 552 2588; x_wconf 88' lang='lat' dir='ltr'><strong>urbanitatis</strong></span> <span class='ocrx_word' id='word_1_197' title='bbox 577 2529 608 2588; x_wconf 89' lang='lat' dir='ltr'><strong>et</strong></span> <span class='ocrx_word' id='word_1_198' title='bbox 630 2529 763 2589; x_wconf 87' lang='lat' dir='ltr'><strong>naturae</strong></span> <span class='ocrx_word' id='word_1_199' title='bbox 782 2525 854 2606; x_wconf 88' lang='lat' dir='ltr'><strong>jura</strong></span> <span class='ocrx_word' id='word_1_200' title='bbox 876 2523 967 2589; x_wconf 86' lang='lat' dir='ltr'><strong>facile</strong></span> <span class='ocrx_word' id='word_1_201' title='bbox 997 2525 1073 2607; x_wconf 87' lang='lat' dir='ltr'><strong>pati,</strong></span> <span class='ocrx_word' id='word_1_202' title='bbox 1103 2527 1137 2587; x_wconf 91' lang='lat' dir='ltr'><strong>ut</strong></span> <span class='ocrx_word' id='word_1_203' title='bbox 1164 2542 1257 2603; x_wconf 89' lang='lat' dir='ltr'><strong>quem</strong></span> 
     </span>
     <span class='ocr_line' id='line_1_24' title="bbox 137 2609 1258 2692; baseline -0.002 -20"><span class='ocrx_word' id='word_1_204' title='bbox 137 2615 175 2672; x_wconf 92' lang='lat' dir='ltr'><strong>tu</strong></span> <span class='ocrx_word' id='word_1_205' title='bbox 198 2631 283 2673; x_wconf 90' lang='lat' dir='ltr'><strong>ames</strong></span> <span class='ocrx_word' id='word_1_206' title='bbox 307 2615 339 2673; x_wconf 90' lang='lat' dir='ltr'><strong>et</strong></span> <span class='ocrx_word' id='word_1_207' title='bbox 361 2609 446 2674; x_wconf 87' lang='lat' dir='ltr'><strong>colas</strong></span> <span class='ocrx_word' id='word_1_208' title='bbox 469 2610 510 2673; x_wconf 87' lang='lat' dir='ltr'><strong>ab</strong></span> <span class='ocrx_word' id='word_1_209' title='bbox 534 2631 570 2674; x_wconf 90' lang='lat' dir='ltr'><strong>eo</strong></span> <span class='ocrx_word' id='word_1_210' title='bbox 593 2614 625 2674; x_wconf 87' lang='lat' dir='ltr'><strong>te</strong></span> <span class='ocrx_word' id='word_1_211' title='bbox 648 2611 746 2692; x_wconf 82' lang='lat' dir='ltr'><strong>diligi,</strong></span> <span class='ocrx_word' id='word_1_212' title='bbox 777 2612 827 2676; x_wconf 88' lang='lat' dir='ltr'><strong>cui</strong></span> <span class='ocrx_word' id='word_1_213' title='bbox 849 2616 882 2676; x_wconf 88' lang='lat' dir='ltr'><strong>te</strong></span> <span class='ocrx_word' id='word_1_214' title='bbox 904 2615 1007 2675; x_wconf 90' lang='lat' dir='ltr'><strong>totum</strong></span> <span class='ocrx_word' id='word_1_215' title='bbox 1039 2609 1198 2674; x_wconf 89' lang='lat' dir='ltr'><strong>addixeris</strong></span> <span class='ocrx_word' id='word_1_216' title='bbox 1221 2628 1258 2671; x_wconf 89' lang='lat' dir='ltr'><strong>ac</strong></span> 
     </span>
     <span class='ocr_line' id='line_1_25' title="bbox 135 2695 1258 2779; baseline 0.001 -23"><span class='ocrx_word' id='word_1_217' title='bbox 135 2695 264 2778; x_wconf 88' lang='lat' dir='ltr'><strong>penitus</strong></span> <span class='ocrx_word' id='word_1_218' title='bbox 286 2718 376 2759; x_wconf 90' lang='lat' dir='ltr'><strong>suum</strong></span> <span class='ocrx_word' id='word_1_219' title='bbox 408 2695 527 2774; x_wconf 86' lang='lat' dir='ltr'><strong>feceris,</strong></span> <span class='ocrx_word' id='word_1_220' title='bbox 556 2696 642 2762; x_wconf 92' lang='lat' dir='ltr'><strong>illum</strong></span> <span class='ocrx_word' id='word_1_221' title='bbox 667 2719 794 2779; x_wconf 89' lang='lat' dir='ltr'><strong>quoque</strong></span> <span class='ocrx_word' id='word_1_222' title='bbox 817 2702 848 2762; x_wconf 90' lang='lat' dir='ltr'><strong>et</strong></span> <span class='ocrx_word' id='word_1_223' title='bbox 870 2702 960 2761; x_wconf 90' lang='lat' dir='ltr'><strong>tuum</strong></span> <span class='ocrx_word' id='word_1_224' title='bbox 985 2719 1052 2761; x_wconf 89' lang='lat' dir='ltr'><strong>esse</strong></span> <span class='ocrx_word' id='word_1_225' title='bbox 1077 2719 1138 2760; x_wconf 91' lang='lat' dir='ltr'><strong>non</strong></span> <span class='ocrx_word' id='word_1_226' title='bbox 1162 2696 1202 2759; x_wconf 90' lang='lat' dir='ltr'><strong>ab</strong></span> <span class='ocrx_word' id='word_1_227' title='bbox 1225 2717 1258 2758; x_wconf 88' lang='lat' dir='ltr'><strong>re</strong></span> 
     </span>
     <span class='ocr_line' id='line_1_26' title="bbox 135 2781 1258 2866; baseline 0 -21"><span class='ocrx_word' id='word_1_228' title='bbox 135 2781 197 2845; x_wconf 90' lang='lat' dir='ltr'><strong>tibi</strong></span> <span class='ocrx_word' id='word_1_229' title='bbox 220 2784 372 2864; x_wconf 89' lang='lat' dir='ltr'><strong>spondere</strong></span> <span class='ocrx_word' id='word_1_230' title='bbox 395 2783 506 2864; x_wconf 87' lang='lat' dir='ltr'><strong>possis.</strong></span> <span class='ocrx_word' id='word_1_231' title='bbox 554 2783 667 2856; x_wconf 85' lang='lat' dir='ltr'><strong>Habes,</strong></span> <span class='ocrx_word' id='word_1_232' title='bbox 693 2786 764 2866; x_wconf 90' lang='lat' dir='ltr'><strong>quis</strong></span> <span class='ocrx_word' id='word_1_233' title='bbox 787 2785 846 2847; x_wconf 92' lang='lat' dir='ltr'><strong>sim</strong></span> <span class='ocrx_word' id='word_1_234' title='bbox 871 2784 987 2865; x_wconf 89' lang='lat' dir='ltr'><strong>quidve</strong></span> <span class='ocrx_word' id='word_1_235' title='bbox 1009 2788 1040 2847; x_wconf 90' lang='lat' dir='ltr'><strong>te</strong></span> <span class='ocrx_word' id='word_1_236' title='bbox 1064 2805 1165 2846; x_wconf 88' lang='lat' dir='ltr'><strong>meum</strong></span> <span class='ocrx_word' id='word_1_237' title='bbox 1193 2782 1258 2863; x_wconf 85' lang='lat' dir='ltr'><strong>jam</strong></span> 
     </span>
     <span class='ocr_line' id='line_1_27' title="bbox 135 2867 1258 2952; baseline 0.001 -21"><span class='ocrx_word' id='word_1_238' title='bbox 135 2867 286 2931; x_wconf 84' lang='lat' dir='ltr'><strong>audacter</strong></span> <span class='ocrx_word' id='word_1_239' title='bbox 310 2869 472 2951; x_wconf 88' lang='lat' dir='ltr'><strong>appellem.</strong></span> <span class='ocrx_word' id='word_1_240' title='bbox 520 2868 683 2950; x_wconf 86' lang='lat' dir='ltr'><strong>Cognosce</strong></span> <span class='ocrx_word' id='word_1_241' title='bbox 705 2893 798 2945; x_wconf 89' lang='lat' dir='ltr'><strong>nunc,</strong></span> <span class='ocrx_word' id='word_1_242' title='bbox 822 2870 880 2934; x_wconf 87' lang='lat' dir='ltr'><strong>abs</strong></span> <span class='ocrx_word' id='word_1_243' title='bbox 896 2877 928 2934; x_wconf 95' lang='lat' dir='ltr'><strong>te</strong></span> <span class='ocrx_word' id='word_1_244' title='bbox 944 2871 1020 2952; x_wconf 92' lang='lat' dir='ltr'><strong>quid</strong></span> <span class='ocrx_word' id='word_1_245' title='bbox 1044 2874 1158 2952; x_wconf 88' lang='lat' dir='ltr'><strong>petam.</strong></span> <span class='ocrx_word' id='word_1_246' title='bbox 1192 2869 1258 2950; x_wconf 81' lang='lat' dir='ltr'><strong>Ego</strong></span> 
     </span>
     <span class='ocr_line' id='line_1_28' title="bbox 136 2953 1258 3039; baseline 0 -22"><span class='ocrx_word' id='word_1_247' title='bbox 136 2953 301 3017; x_wconf 86' lang='lat' dir='ltr'><strong>Caesarem</strong></span> <span class='ocrx_word' id='word_1_248' title='bbox 327 2978 379 3038; x_wconf 90' lang='lat' dir='ltr'><strong>per</strong></span> <span class='ocrx_word' id='word_1_249' title='bbox 402 2954 603 3019; x_wconf 85' lang='lat' dir='ltr'><strong>Germaniam</strong></span> <span class='ocrx_word' id='word_1_250' title='bbox 628 2979 745 3020; x_wconf 91' lang='lat' dir='ltr'><strong>nonum</strong></span> <span class='ocrx_word' id='word_1_251' title='bbox 767 2957 832 3038; x_wconf 88' lang='lat' dir='ltr'><strong>jam</strong></span> <span class='ocrx_word' id='word_1_252' title='bbox 857 2979 995 3020; x_wconf 88' lang='lat' dir='ltr'><strong>mensem</strong></span> <span class='ocrx_word' id='word_1_253' title='bbox 1018 2978 1141 3039; x_wconf 89' lang='lat' dir='ltr'><strong>sequor,</strong></span> <span class='ocrx_word' id='word_1_254' title='bbox 1159 2955 1258 3018; x_wconf 88' lang='lat' dir='ltr'><strong>Bene·</strong></span> 
     </span>
     <span class='ocr_line' id='line_1_29' title="bbox 135 3041 1259 3121; baseline 0 -17"><span class='ocrx_word' id='word_1_255' title='bbox 135 3041 222 3104; x_wconf 88' lang='lat' dir='ltr'><strong>dicto</strong></span> <span class='ocrx_word' id='word_1_256' title='bbox 251 3041 316 3121; x_wconf 87' lang='lat' dir='ltr'><strong>jam</strong></span> <span class='ocrx_word' id='word_1_257' title='bbox 344 3048 412 3104; x_wconf 86' lang='lat' dir='ltr'><strong>tum</strong></span> <span class='ocrx_word' id='word_1_258' title='bbox 441 3042 482 3104; x_wconf 87' lang='lat' dir='ltr'><strong>ab</strong></span> <span class='ocrx_word' id='word_1_259' title='bbox 512 3042 606 3105; x_wconf 88' lang='lat' dir='ltr'><strong>initio</strong></span> <span class='ocrx_word' id='word_1_260' title='bbox 634 3048 665 3106; x_wconf 90' lang='lat' dir='ltr'><strong>et</strong></span> <span class='ocrx_word' id='word_1_261' title='bbox 694 3043 841 3106; x_wconf 87' lang='lat' dir='ltr'><strong>familiari</strong></span> <span class='ocrx_word' id='word_1_262' title='bbox 864 3048 896 3106; x_wconf 91' lang='lat' dir='ltr'><strong>et</strong></span> <span class='ocrx_word' id='word_1_263' title='bbox 919 3045 1032 3107; x_wconf 91' lang='lat' dir='ltr'><strong>comite</strong></span> <span class='ocrx_word' id='word_1_264' title='bbox 1066 3044 1259 3106; x_wconf 88' lang='lat' dir='ltr'><strong>incessanter</strong></span> 
     </span>
     <span class='ocr_line' id='line_1_30' title="bbox 134 3126 1258 3212; baseline 0.001 -22"><span class='ocrx_word' id='word_1_265' title='bbox 134 3133 239 3191; x_wconf 83' lang='lat' dir='ltr'><strong>utens.</strong></span> <span class='ocrx_word' id='word_1_266' title='bbox 284 3126 427 3192; x_wconf 87' lang='lat' dir='ltr'><strong>Incertus</strong></span> <span class='ocrx_word' id='word_1_267' title='bbox 450 3150 518 3191; x_wconf 91' lang='lat' dir='ltr'><strong>sum</strong></span> <span class='ocrx_word' id='word_1_268' title='bbox 543 3128 656 3207; x_wconf 87' lang='lat' dir='ltr'><strong>adhuc,</strong></span> <span class='ocrx_word' id='word_1_269' title='bbox 680 3129 719 3192; x_wconf 91' lang='lat' dir='ltr'><strong>ad</strong></span> <span class='ocrx_word' id='word_1_270' title='bbox 743 3152 837 3212; x_wconf 88' lang='lat' dir='ltr'><strong>quam</strong></span> <span class='ocrx_word' id='word_1_271' title='bbox 863 3130 944 3194; x_wconf 90' lang='lat' dir='ltr'><strong>diem</strong></span> <span class='ocrx_word' id='word_1_272' title='bbox 967 3130 999 3194; x_wconf 89' lang='lat' dir='ltr'><strong>in</strong></span> <span class='ocrx_word' id='word_1_273' title='bbox 1022 3130 1147 3193; x_wconf 87' lang='lat' dir='ltr'><strong>ltaliam</strong></span> <span class='ocrx_word' id='word_1_274' title='bbox 1183 3127 1258 3192; x_wconf 90' lang='lat' dir='ltr'><strong>mihi</strong></span> 
     </span>
     <span class='ocr_line' id='line_1_31' title="bbox 135 3213 1259 3295; baseline 0 -19"><span class='ocrx_word' id='word_1_275' title='bbox 135 3214 179 3276; x_wconf 88' lang='lat' dir='ltr'><strong>sit</strong></span> <span class='ocrx_word' id='word_1_276' title='bbox 201 3213 405 3278; x_wconf 87' lang='lat' dir='ltr'><strong>redeundum.</strong></span> <span class='ocrx_word' id='word_1_277' title='bbox 452 3214 529 3278; x_wconf 89' lang='lat' dir='ltr'><strong>Peto</strong></span> <span class='ocrx_word' id='word_1_278' title='bbox 552 3236 636 3295; x_wconf 81' lang='lat' dir='ltr'><strong>ergo,</strong></span> <span class='ocrx_word' id='word_1_279' title='bbox 661 3237 710 3278; x_wconf 88' lang='lat' dir='ltr'><strong>me</strong></span> <span class='ocrx_word' id='word_1_280' title='bbox 732 3216 904 3279; x_wconf 91' lang='lat' dir='ltr'><strong>amicorum</strong></span> <span class='ocrx_word' id='word_1_281' title='bbox 936 3222 1062 3280; x_wconf 89' lang='lat' dir='ltr'><strong>tuorum</strong></span> <span class='ocrx_word' id='word_1_282' title='bbox 1093 3216 1188 3278; x_wconf 90' lang='lat' dir='ltr'><strong>indici</strong></span> <span class='ocrx_word' id='word_1_283' title='bbox 1219 3237 1259 3277; x_wconf 89' lang='lat' dir='ltr'><strong>ne</strong></span> 
     </span>
     <span class='ocr_line' id='line_1_32' title="bbox 135 3300 1259 3383; baseline 0.001 -21"><span class='ocrx_word' id='word_1_284' title='bbox 135 3300 277 3383; x_wconf 83' lang='lat' dir='ltr'><strong>graveris</strong></span> <span class='ocrx_word' id='word_1_285' title='bbox 300 3300 505 3373; x_wconf 85' lang='lat' dir='ltr'><strong>subscribere,</strong></span> <span class='ocrx_word' id='word_1_286' title='bbox 523 3323 561 3364; x_wconf 90' lang='lat' dir='ltr'><strong>ac</strong></span> <span class='ocrx_word' id='word_1_287' title='bbox 576 3301 641 3364; x_wconf 90' lang='lat' dir='ltr'><strong>sive</strong></span> <span class='ocrx_word' id='word_1_288' title='bbox 658 3302 828 3366; x_wconf 87' lang='lat' dir='ltr'><strong>Germania</strong></span> <span class='ocrx_word' id='word_1_289' title='bbox 844 3324 893 3365; x_wconf 89' lang='lat' dir='ltr'><strong>me</strong></span> <span class='ocrx_word' id='word_1_290' title='bbox 909 3302 974 3366; x_wconf 89' lang='lat' dir='ltr'><strong>sive</strong></span> <span class='ocrx_word' id='word_1_291' title='bbox 990 3301 1096 3365; x_wconf 88' lang='lat' dir='ltr'><strong>natale</strong></span> <span class='ocrx_word' id='word_1_292' title='bbox 1112 3301 1259 3365; x_wconf 87' lang='lat' dir='ltr'><strong>habuerit</strong></span> 
     </span>
     <span class='ocr_line' id='line_1_33' title="bbox 135 3385 1257 3470; baseline 0.001 -21"><span class='ocrx_word' id='word_1_293' title='bbox 135 3385 248 3462; x_wconf 84' lang='lat' dir='ltr'><strong>solum,</strong></span> <span class='ocrx_word' id='word_1_294' title='bbox 272 3387 527 3468; x_wconf 86' lang='lat' dir='ltr'><strong>quandocunque</strong></span> <span class='ocrx_word' id='word_1_295' title='bbox 550 3410 626 3450; x_wconf 89' lang='lat' dir='ltr'><strong>usus</strong></span> <span class='ocrx_word' id='word_1_296' title='bbox 649 3388 780 3466; x_wconf 90' lang='lat' dir='ltr'><strong>venerit,</strong></span> <span class='ocrx_word' id='word_1_297' title='bbox 796 3410 896 3469; x_wconf 88' lang='lat' dir='ltr'><strong>aeque</strong></span> <span class='ocrx_word' id='word_1_298' title='bbox 913 3411 961 3452; x_wconf 89' lang='lat' dir='ltr'><strong>me</strong></span> <span class='ocrx_word' id='word_1_299' title='bbox 977 3413 1014 3452; x_wconf 89' lang='lat' dir='ltr'><strong>ac</strong></span> <span class='ocrx_word' id='word_1_300' title='bbox 1029 3388 1127 3451; x_wconf 89' lang='lat' dir='ltr'><strong>veteri</strong></span> <span class='ocrx_word' id='word_1_301' title='bbox 1144 3387 1257 3470; x_wconf 86' lang='lat' dir='ltr'><strong>quovis</strong></span> 
     </span>
     <span class='ocr_line' id='line_1_34' title="bbox 134 3472 1257 3551; baseline -0.001 -15"><span class='ocrx_word' id='word_1_302' title='bbox 134 3473 237 3536; x_wconf 86' lang='lat' dir='ltr'><strong>amico</strong></span> <span class='ocrx_word' id='word_1_303' title='bbox 277 3480 371 3535; x_wconf 84' lang='lat' dir='ltr'><strong>utare.</strong></span> <span class='ocrx_word' id='word_1_304' title='bbox 431 3472 511 3535; x_wconf 86' lang='lat' dir='ltr'><strong>Tum</strong></span> <span class='ocrx_word' id='word_1_305' title='bbox 549 3473 756 3537; x_wconf 87' lang='lat' dir='ltr'><strong>Benedictum</strong></span> <span class='ocrx_word' id='word_1_306' title='bbox 795 3480 947 3551; x_wconf 85' lang='lat' dir='ltr'><strong>nostrum,</strong></span> <span class='ocrx_word' id='word_1_307' title='bbox 994 3479 1136 3538; x_wconf 81' lang='lat' dir='ltr'><strong>nostrum</strong></span> <span class='ocrx_word' id='word_1_308' title='bbox 1174 3474 1257 3537; x_wconf 87' lang='lat' dir='ltr'><strong>enim</strong></span> 
     </span>
     <span class='ocr_line' id='line_1_35' title="bbox 135 3558 1277 3641; baseline 0.003 -21"><span class='ocrx_word' id='word_1_309' title='bbox 135 3558 243 3640; x_wconf 87' lang='lat' dir='ltr'><strong>potius</strong></span> <span class='ocrx_word' id='word_1_310' title='bbox 268 3580 362 3641; x_wconf 87' lang='lat' dir='ltr'><strong>quam</strong></span> <span class='ocrx_word' id='word_1_311' title='bbox 387 3562 476 3622; x_wconf 90' lang='lat' dir='ltr'><strong>tuum</strong></span> <span class='ocrx_word' id='word_1_312' title='bbox 501 3565 557 3622; x_wconf 93' lang='lat' dir='ltr'><strong>tua</strong></span> <span class='ocrx_word' id='word_1_313' title='bbox 579 3559 678 3624; x_wconf 87' lang='lat' dir='ltr'><strong>fretus</strong></span> <span class='ocrx_word' id='word_1_314' title='bbox 701 3560 900 3624; x_wconf 86' lang='lat' dir='ltr'><strong>humanitate</strong></span> <span class='ocrx_word' id='word_1_315' title='bbox 930 3561 1073 3638; x_wconf 85' lang='lat' dir='ltr'><strong>dixerim,</strong></span> <span class='ocrx_word' id='word_1_316' title='bbox 1100 3561 1158 3624; x_wconf 89' lang='lat' dir='ltr'><strong>tibi</strong></span> <span class='ocrx_word' id='word_1_317' title='bbox 1188 3563 1277 3623; x_wconf 85' lang='lat' dir='ltr'><strong>meo&#39;</strong></span> 
     </span>
     <span class='ocr_line' id='line_1_36' title="bbox 136 3644 1258 3730; baseline 0.002 -22"><span class='ocrx_word' id='word_1_318' title='bbox 136 3645 263 3708; x_wconf 89' lang='lat' dir='ltr'><strong>nomine</strong></span> <span class='ocrx_word' id='word_1_319' title='bbox 296 3646 342 3708; x_wconf 88' lang='lat' dir='ltr'><strong>sic</strong></span> <span class='ocrx_word' id='word_1_320' title='bbox 374 3644 466 3707; x_wconf 93' lang='lat' dir='ltr'><strong>velim</strong></span> <span class='ocrx_word' id='word_1_321' title='bbox 502 3647 768 3721; x_wconf 87' lang='lat' dir='ltr'><strong>commendatum,</strong></span> <span class='ocrx_word' id='word_1_322' title='bbox 804 3654 840 3710; x_wconf 92' lang='lat' dir='ltr'><strong>ut</strong></span> <span class='ocrx_word' id='word_1_323' title='bbox 870 3647 903 3708; x_wconf 89' lang='lat' dir='ltr'><strong>in</strong></span> <span class='ocrx_word' id='word_1_324' title='bbox 938 3648 1104 3730; x_wconf 85' lang='lat' dir='ltr'><strong>pristinam</strong></span> <span class='ocrx_word' id='word_1_325' title='bbox 1142 3647 1258 3710; x_wconf 76' lang='grc' dir='ltr'><strong>11111111ο</strong></span> 
     </span>
    </p>
   </div>
   <div class='ocr_carea' id='block_1_4' title="bbox 133 3748 338 3758">
    <p class='ocr_par' dir='ltr' id='par_1_4' title="bbox 133 3748 338 3758">
     <span class='ocr_line' id='line_1_37' title="bbox 133 3748 338 3758; baseline -0.01 0"><span class='ocrx_word' id='word_1_326' title='bbox 133 3748 338 3758; x_wconf 43' lang='grc' dir='ltr'><em>..η-,ὼ-</em></span> 
     </span>
    </p>
   </div>
   <div class='ocr_carea' id='block_1_5' title="bbox 131 3780 1258 4675">
    <p class='ocr_par' dir='ltr' id='par_1_5' title="bbox 203 3780 984 3848">
     <span class='ocr_line' id='line_1_38' title="bbox 203 3780 984 3848; baseline 0.004 -17"><span class='ocrx_word' id='word_1_327' title='bbox 203 3795 216 3822; x_wconf 62' lang='lat' dir='ltr'><strong>a</strong></span> <span class='ocrx_word' id='word_1_328' title='bbox 231 3783 319 3833; x_wconf 89' lang='lat' dir='ltr'><strong>notum</strong></span> <span class='ocrx_word' id='word_1_329' title='bbox 340 3780 414 3832; x_wconf 68' lang='lat' dir='ltr'><strong>Terra.</strong></span> <span class='ocrx_word' id='word_1_330' title='bbox 483 3783 628 3848; x_wconf 83' lang='lat' dir='ltr'><strong>bunquam</strong></span> <span class='ocrx_word' id='word_1_331' title='bbox 649 3781 721 3833; x_wconf 62' lang='lat' dir='ltr'><strong>Tene.</strong></span> <span class='ocrx_word' id='word_1_332' title='bbox 792 3782 891 3834; x_wconf 67' lang='lat' dir='ltr'><strong>villam</strong></span> <span class='ocrx_word' id='word_1_333' title='bbox 912 3782 984 3834; x_wconf 72' lang='lat' dir='ltr'><strong>Terra.</strong></span> 
     </span>
    </p>

    <p class='ocr_par' dir='ltr' id='par_1_6' title="bbox 131 3848 1258 4675">
     <span class='ocr_line' id='line_1_39' title="bbox 205 3848 1257 3917; baseline 0.004 -16"><span class='ocrx_word' id='word_1_334' title='bbox 205 3852 212 3881; x_wconf 89' lang='lat'><strong>¹</strong></span> <span class='ocrx_word' id='word_1_335' title='bbox 231 3849 272 3901; x_wconf 87' lang='lat' dir='ltr'><strong>Da</strong></span> <span class='ocrx_word' id='word_1_336' title='bbox 288 3848 365 3901; x_wconf 82' lang='lat' dir='ltr'><strong>Rufin</strong></span> <span class='ocrx_word' id='word_1_337' title='bbox 384 3851 528 3916; x_wconf 75' lang='lat' dir='ltr'><strong>sptitestous</strong></span> <span class='ocrx_word' id='word_1_338' title='bbox 547 3868 566 3902; x_wconf 87' lang='lat' dir='ltr'><strong>s.</strong></span> <span class='ocrx_word' id='word_1_339' title='bbox 588 3851 654 3903; x_wconf 82' lang='grc'>1512</span> <span class='ocrx_word' id='word_1_340' title='bbox 672 3868 719 3903; x_wconf 85' lang='lat' dir='ltr'><strong>aas</strong></span> <span class='ocrx_word' id='word_1_341' title='bbox 737 3850 852 3903; x_wconf 79' lang='lat' dir='ltr'><strong>Matiana</strong></span> <span class='ocrx_word' id='word_1_342' title='bbox 870 3851 997 3904; x_wconf 83' lang='lat' dir='ltr'><strong>Diensten</strong></span> <span class='ocrx_word' id='word_1_343' title='bbox 1021 3851 1119 3917; x_wconf 64' lang='lat' dir='ltr'><strong>settled,</strong></span> <span class='ocrx_word' id='word_1_344' title='bbox 1138 3868 1167 3904; x_wconf 86' lang='lat' dir='ltr'><strong>so</strong></span> <span class='ocrx_word' id='word_1_345' title='bbox 1184 3852 1257 3905; x_wconf 84' lang='lat' dir='ltr'><strong>liihrt</strong></span> 
     </span>
     <span class='ocr_line' id='line_1_40' title="bbox 133 3918 1257 3986; baseline 0.003 -16"><span class='ocrx_word' id='word_1_346' title='bbox 133 3918 207 3970; x_wconf 83' lang='lat' dir='ltr'><strong>diesc</strong></span> <span class='ocrx_word' id='word_1_347' title='bbox 235 3918 342 3985; x_wconf 79' lang='lat' dir='ltr'><strong>Angabe</strong></span> <span class='ocrx_word' id='word_1_348' title='bbox 361 3919 386 3970; x_wconf 91' lang='lat' dir='ltr'><strong>iu</strong></span> <span class='ocrx_word' id='word_1_349' title='bbox 406 3919 452 3970; x_wconf 75' lang='lat' dir='ltr'><strong>das</strong></span> <span class='ocrx_word' id='word_1_350' title='bbox 469 3918 492 3969; x_wconf 76' lang='lat' dir='ltr'><strong>J.</strong></span> <span class='ocrx_word' id='word_1_351' title='bbox 515 3919 580 3971; x_wconf 73' lang='grc'>1502</span> <span class='ocrx_word' id='word_1_352' title='bbox 605 3919 642 3971; x_wconf 84' lang='lat' dir='ltr'><strong>als</strong></span> <span class='ocrx_word' id='word_1_353' title='bbox 670 3920 810 3986; x_wconf 84' lang='lat' dir='ltr'><strong>Zeitpunkt</strong></span> <span class='ocrx_word' id='word_1_354' title='bbox 836 3920 922 3973; x_wconf 79' lang='lat' dir='ltr'><strong>seinos</strong></span> <span class='ocrx_word' id='word_1_355' title='bbox 951 3920 1083 3974; x_wconf 73' lang='lat' dir='ltr'><strong>Antrittcs.</strong></span> <span class='ocrx_word' id='word_1_356' title='bbox 1120 3921 1257 3973; x_wconf 87' lang='lat' dir='ltr'><strong>Demnach</strong></span> 
     </span>
     <span class='ocr_line' id='line_1_41' title="bbox 135 3986 1257 4056; baseline 0.004 -18"><span class='ocrx_word' id='word_1_357' title='bbox 135 4004 207 4040; x_wconf 82' lang='lat' dir='ltr'><strong>muss</strong></span> <span class='ocrx_word' id='word_1_358' title='bbox 237 3986 270 4039; x_wconf 78' lang='lat' dir='ltr'><strong>M.</strong></span> <span class='ocrx_word' id='word_1_359' title='bbox 298 3987 365 4038; x_wconf 86' lang='lat' dir='ltr'><strong>noch</strong></span> <span class='ocrx_word' id='word_1_360' title='bbox 392 3986 428 4037; x_wconf 90' lang='lat' dir='ltr'><strong>im</strong></span> <span class='ocrx_word' id='word_1_361' title='bbox 455 3987 536 4038; x_wconf 77' lang='lat' dir='ltr'><strong>lauto</strong></span> <span class='ocrx_word' id='word_1_362' title='bbox 560 3987 645 4038; x_wconf 72' lang='lat' dir='ltr'><strong>(liesca</strong></span> <span class='ocrx_word' id='word_1_363' title='bbox 669 3989 692 4042; x_wconf 90' lang='lat' dir='ltr'><strong>.l.</strong></span> <span class='ocrx_word' id='word_1_364' title='bbox 719 3990 772 4056; x_wconf 86' lang='lat' dir='ltr'><strong>(am</strong></span> <span class='ocrx_word' id='word_1_365' title='bbox 800 3992 820 4042; x_wconf 90' lang='lat' dir='ltr'><strong>l.</strong></span> <span class='ocrx_word' id='word_1_366' title='bbox 845 3989 907 4040; x_wconf 88' lang='lat' dir='ltr'><strong>Juui</strong></span> <span class='ocrx_word' id='word_1_367' title='bbox 937 3990 1001 4042; x_wconf 76' lang='lat'>1502</span> <span class='ocrx_word' id='word_1_368' title='bbox 1027 4005 1081 4041; x_wconf 84' lang='lat' dir='ltr'><strong>war</strong></span> <span class='ocrx_word' id='word_1_369' title='bbox 1099 4007 1126 4041; x_wconf 84' lang='lat' dir='ltr'><strong>cr</strong></span> <span class='ocrx_word' id='word_1_370' title='bbox 1144 3991 1212 4042; x_wconf 89' lang='lat' dir='ltr'><strong>noch</strong></span> <span class='ocrx_word' id='word_1_371' title='bbox 1231 3990 1257 4042; x_wconf 92' lang='lat' dir='ltr'><strong>in</strong></span> 
     </span>
     <span class='ocr_line' id='line_1_42' title="bbox 133 4055 1255 4126; baseline 0.004 -18"><span class='ocrx_word' id='word_1_372' title='bbox 133 4055 259 4123; x_wconf 80' lang='lat' dir='ltr'><strong>Bolognu)</strong></span> <span class='ocrx_word' id='word_1_373' title='bbox 279 4055 340 4106; x_wconf 80' lang='lat' dir='ltr'><strong>odor</strong></span> <span class='ocrx_word' id='word_1_374' title='bbox 359 4057 416 4107; x_wconf 79' lang='lat' dir='ltr'><strong>anf.</strong></span> <span class='ocrx_word' id='word_1_375' title='bbox 437 4057 503 4107; x_wconf 88' lang='grc'>1503</span> <span class='ocrx_word' id='word_1_376' title='bbox 520 4056 576 4106; x_wconf 84' lang='lat' dir='ltr'><strong>sein</strong></span> <span class='ocrx_word' id='word_1_377' title='bbox 596 4057 710 4109; x_wconf 77' lang='lat' dir='ltr'><strong>Gotlraor·</strong></span> <span class='ocrx_word' id='word_1_378' title='bbox 727 4057 874 4110; x_wconf 76' lang='lat' dir='ltr'><strong>Kanonilrat</strong></span> <span class='ocrx_word' id='word_1_379' title='bbox 887 4058 988 4126; x_wconf 81' lang='lat' dir='ltr'><strong>erlangt</strong></span> <span class='ocrx_word' id='word_1_380' title='bbox 1001 4059 1092 4110; x_wconf 87' lang='lat' dir='ltr'><strong>haben.</strong></span> <span class='ocrx_word' id='word_1_381' title='bbox 1121 4059 1178 4126; x_wconf 72' lang='lat' dir='ltr'><strong>vgl.</strong></span> <span class='ocrx_word' id='word_1_382' title='bbox 1190 4059 1255 4112; x_wconf 77' lang='lat' dir='ltr'><strong>lliul.</strong></span> 
     </span>
     <span class='ocr_line' id='line_1_43' title="bbox 133 4123 1257 4193; baseline 0.003 -16"><span class='ocrx_word' id='word_1_383' title='bbox 133 4125 188 4177; x_wconf 82' lang='lat' dir='ltr'><strong>Scit</strong></span> <span class='ocrx_word' id='word_1_384' title='bbox 206 4124 321 4177; x_wconf 82' lang='lat' dir='ltr'><strong>(Jktobor</strong></span> <span class='ocrx_word' id='word_1_385' title='bbox 340 4125 406 4175; x_wconf 77' lang='grc'>1512</span> <span class='ocrx_word' id='word_1_386' title='bbox 425 4140 478 4175; x_wconf 87' lang='lat' dir='ltr'><strong>war</strong></span> <span class='ocrx_word' id='word_1_387' title='bbox 502 4123 578 4175; x_wconf 71' lang='lat' dir='ltr'><strong>acan</strong></span> <span class='ocrx_word' id='word_1_388' title='bbox 604 4127 671 4177; x_wconf 77' lang='lat' dir='ltr'><strong>nach</strong></span> <span class='ocrx_word' id='word_1_389' title='bbox 694 4127 754 4178; x_wconf 85' lang='lat' dir='ltr'><strong>dour</strong></span> <span class='ocrx_word' id='word_1_390' title='bbox 777 4127 900 4179; x_wconf 86' lang='lat' dir='ltr'><strong>Berichto</strong></span> <span class='ocrx_word' id='word_1_391' title='bbox 927 4128 973 4179; x_wconf 85' lang='lat' dir='ltr'><strong>des</strong></span> <span class='ocrx_word' id='word_1_392' title='bbox 1001 4127 1203 4193; x_wconf 68' lang='lat' dir='ltr'><strong>Clrrp&#39;sostonurs</strong></span> <span class='ocrx_word' id='word_1_393' title='bbox 1230 4128 1257 4180; x_wconf 91' lang='lat' dir='ltr'><strong>in</strong></span> 
     </span>
     <span class='ocr_line' id='line_1_44' title="bbox 133 4192 1256 4260; baseline 0.003 -14"><span class='ocrx_word' id='word_1_394' title='bbox 133 4194 231 4246; x_wconf 83' lang='lat' dir='ltr'><strong>diesem</strong></span> <span class='ocrx_word' id='word_1_395' title='bbox 261 4192 304 4245; x_wconf 88' lang='grc' dir='ltr'><strong>Β1,</strong></span> <span class='ocrx_word' id='word_1_396' title='bbox 330 4193 386 4244; x_wconf 80' lang='lat' dir='ltr'><strong>sein</strong></span> <span class='ocrx_word' id='word_1_397' title='bbox 412 4192 544 4259; x_wconf 70' lang='lat' dir='ltr'><strong>stratigo·</strong></span> <span class='ocrx_word' id='word_1_398' title='bbox 571 4193 708 4260; x_wconf 72' lang='lat' dir='ltr'><strong>Beglciter.</strong></span> <span class='ocrx_word' id='word_1_399' title='bbox 745 4195 801 4247; x_wconf 71' lang='lat' dir='ltr'><strong>Yon</strong></span> <span class='ocrx_word' id='word_1_400' title='bbox 828 4196 905 4248; x_wconf 83' lang='grc'>11111111</span> <span class='ocrx_word' id='word_1_401' title='bbox 935 4196 1063 4248; x_wconf 84' lang='lat' dir='ltr'><strong>berichtet</strong></span> <span class='ocrx_word' id='word_1_402' title='bbox 1080 4196 1114 4251; x_wconf 83' lang='grc'><strong>11.</strong></span> <span class='ocrx_word' id='word_1_403' title='bbox 1134 4198 1201 4249; x_wconf 85' lang='lat' dir='ltr'><strong>noch</strong></span> <span class='ocrx_word' id='word_1_404' title='bbox 1220 4197 1256 4249; x_wconf 89' lang='lat' dir='ltr'><strong>im</strong></span> 
     </span>
     <span class='ocr_line' id='line_1_45' title="bbox 131 4261 1256 4330; baseline 0.004 -16"><span class='ocrx_word' id='word_1_405' title='bbox 131 4261 597 4327; x_wconf 59' lang='grc'>1111.1513111111.3001111111111</span> <span class='ocrx_word' id='word_1_406' title='bbox 616 4264 661 4314; x_wconf 87' lang='lat' dir='ltr'><strong>ihu</strong></span> <span class='ocrx_word' id='word_1_407' title='bbox 680 4265 858 4330; x_wconf 76' lang='lat' dir='ltr'><strong>gesclrricbeu,</strong></span> <span class='ocrx_word' id='word_1_408' title='bbox 877 4266 937 4317; x_wconf 80' lang='lat' dir='ltr'><strong>dass</strong></span> <span class='ocrx_word' id='word_1_409' title='bbox 956 4283 984 4317; x_wconf 87' lang='lat' dir='ltr'><strong>cr</strong></span> <span class='ocrx_word' id='word_1_410' title='bbox 1002 4267 1078 4317; x_wconf 84' lang='lat' dir='ltr'><strong>einen</strong></span> <span class='ocrx_word' id='word_1_411' title='bbox 1097 4267 1256 4319; x_wconf 81' lang='lat' dir='ltr'><strong>rornolnnen</strong></span> 
     </span>
     <span class='ocr_line' id='line_1_46' title="bbox 132 4329 1256 4391; baseline 0.003 -7"><span class='ocrx_word' id='word_1_412' title='bbox 132 4330 217 4384; x_wconf 82' lang='lat' dir='ltr'><strong>Horra</strong></span> <span class='ocrx_word' id='word_1_413' title='bbox 245 4331 320 4391; x_wconf 86' lang='lat' dir='ltr'><strong>habe,</strong></span> <span class='ocrx_word' id='word_1_414' title='bbox 348 4331 441 4383; x_wconf 78' lang='lat' dir='ltr'><strong>(lusson</strong></span> <span class='ocrx_word' id='word_1_415' title='bbox 471 4329 573 4382; x_wconf 81' lang='lat' dir='ltr'><strong>Brucler</strong></span> <span class='ocrx_word' id='word_1_416' title='bbox 602 4332 725 4384; x_wconf 77' lang='lat' dir='ltr'><strong>liardinul</strong></span> <span class='ocrx_word' id='word_1_417' title='bbox 743 4350 779 4385; x_wconf 85' lang='lat' dir='ltr'><strong>scr</strong></span> <span class='ocrx_word' id='word_1_418' title='bbox 801 4335 851 4385; x_wconf 85' lang='lat' dir='ltr'><strong>und</strong></span> <span class='ocrx_word' id='word_1_419' title='bbox 871 4334 917 4385; x_wconf 87' lang='lat' dir='ltr'><strong>dor</strong></span> <span class='ocrx_word' id='word_1_420' title='bbox 935 4334 990 4386; x_wconf 87' lang='lat' dir='ltr'><strong>ilrm</strong></span> <span class='ocrx_word' id='word_1_421' title='bbox 1011 4335 1152 4388; x_wconf 85' lang='lat' dir='ltr'><strong>morratliclr</strong></span> <span class='ocrx_word' id='word_1_422' title='bbox 1180 4336 1256 4387; x_wconf 89' lang='lat' dir='ltr'><strong>einen</strong></span> 
     </span>
     <span class='ocr_line' id='line_1_47' title="bbox 132 4399 1257 4468; baseline 0.004 -15"><span class='ocrx_word' id='word_1_423' title='bbox 132 4400 254 4453; x_wconf 73' lang='lat' dir='ltr'><strong>Dekaton</strong></span> <span class='ocrx_word' id='word_1_424' title='bbox 280 4399 353 4468; x_wconf 83' lang='lat' dir='ltr'><strong>gebo,</strong></span> <span class='ocrx_word' id='word_1_425' title='bbox 382 4400 461 4453; x_wconf 82' lang='lat' dir='ltr'><strong>sowio</strong></span> <span class='ocrx_word' id='word_1_426' title='bbox 491 4399 551 4451; x_wconf 78' lang='lat' dir='ltr'><strong>dass</strong></span> <span class='ocrx_word' id='word_1_427' title='bbox 574 4417 602 4451; x_wconf 83' lang='lat' dir='ltr'><strong>er·</strong></span> <span class='ocrx_word' id='word_1_428' title='bbox 623 4402 672 4452; x_wconf 87' lang='lat' dir='ltr'><strong>mit</strong></span> <span class='ocrx_word' id='word_1_429' title='bbox 699 4403 753 4453; x_wconf 75' lang='grc'>’111111</span> <span class='ocrx_word' id='word_1_430' title='bbox 772 4402 811 4454; x_wconf 83' lang='lat' dir='ltr'><strong>als</strong></span> <span class='ocrx_word' id='word_1_431' title='bbox 830 4402 886 4456; x_wconf 79' lang='lat' dir='ltr'><strong>sein</strong></span> <span class='ocrx_word' id='word_1_432' title='bbox 909 4404 1050 4456; x_wconf 85' lang='lat' dir='ltr'><strong>deutscher·</strong></span> <span class='ocrx_word' id='word_1_433' title='bbox 1075 4405 1257 4458; x_wconf 77' lang='lat' dir='ltr'><strong>llolmotschor</strong></span> 
     </span>
     <span class='ocr_line' id='line_1_48' title="bbox 133 4468 1257 4541; baseline 0.004 -21"><span class='ocrx_word' id='word_1_434' title='bbox 133 4470 201 4522; x_wconf 84' lang='lat' dir='ltr'><strong>naolr</strong></span> <span class='ocrx_word' id='word_1_435' title='bbox 219 4468 286 4521; x_wconf 81' lang='lat' dir='ltr'><strong>Rom</strong></span> <span class='ocrx_word' id='word_1_436' title='bbox 304 4469 389 4535; x_wconf 78' lang='lat' dir='ltr'><strong>gehen</strong></span> <span class='ocrx_word' id='word_1_437' title='bbox 408 4469 500 4521; x_wconf 81' lang='lat' dir='ltr'><strong>werde.</strong></span> <span class='ocrx_word' id='word_1_438' title='bbox 538 4469 587 4520; x_wconf 78' lang='lat' dir='ltr'><strong>llio</strong></span> <span class='ocrx_word' id='word_1_439' title='bbox 605 4469 683 4522; x_wconf 77' lang='lat' dir='ltr'><strong>letata</strong></span> <span class='ocrx_word' id='word_1_440' title='bbox 702 4471 848 4524; x_wconf 85' lang='lat' dir='ltr'><strong>Nachriclrt</strong></span> <span class='ocrx_word' id='word_1_441' title='bbox 873 4489 922 4524; x_wconf 81' lang='lat' dir='ltr'><strong>ron</strong></span> <span class='ocrx_word' id='word_1_442' title='bbox 948 4473 1003 4524; x_wconf 86' lang='lat' dir='ltr'><strong>ihm</strong></span> <span class='ocrx_word' id='word_1_443' title='bbox 1027 4473 1097 4541; x_wconf 82' lang='lat' dir='ltr'><strong>giebt</strong></span> <span class='ocrx_word' id='word_1_444' title='bbox 1120 4476 1212 4527; x_wconf 77' lang='lat' dir='ltr'><strong>Crotus</strong></span> <span class='ocrx_word' id='word_1_445' title='bbox 1231 4475 1257 4526; x_wconf 89' lang='lat' dir='ltr'><strong>in</strong></span> 
     </span>
     <span class='ocr_line' id='line_1_49' title="bbox 132 4537 1257 4605; baseline 0.006 -16"><span class='ocrx_word' id='word_1_446' title='bbox 132 4538 219 4591; x_wconf 87' lang='lat' dir='ltr'><strong>eincm</strong></span> <span class='ocrx_word' id='word_1_447' title='bbox 237 4537 281 4591; x_wconf 83' lang='grc' dir='ltr'><strong>Β1,</strong></span> <span class='ocrx_word' id='word_1_448' title='bbox 301 4554 325 4591; x_wconf 81' lang='lat' dir='ltr'><strong>v.</strong></span> <span class='ocrx_word' id='word_1_449' title='bbox 345 4539 368 4591; x_wconf 88' lang='lat'><strong>3.</strong></span> <span class='ocrx_word' id='word_1_450' title='bbox 386 4537 450 4590; x_wconf 89' lang='lat' dir='ltr'><strong>Juni</strong></span> <span class='ocrx_word' id='word_1_451' title='bbox 470 4537 560 4605; x_wconf 74' lang='grc'>(1511)</span> <span class='ocrx_word' id='word_1_452' title='bbox 580 4555 627 4590; x_wconf 79' lang='lat' dir='ltr'><strong>aas</strong></span> <span class='ocrx_word' id='word_1_453' title='bbox 645 4539 742 4593; x_wconf 87' lang='lat' dir='ltr'><strong>Fulda:</strong></span> <span class='ocrx_word' id='word_1_454' title='bbox 761 4557 789 4592; x_wconf 86' lang='lat' dir='ltr'><strong>or·</strong></span> <span class='ocrx_word' id='word_1_455' title='bbox 807 4541 874 4593; x_wconf 79' lang='lat' dir='ltr'><strong>hato</strong></span> <span class='ocrx_word' id='word_1_456' title='bbox 892 4542 938 4593; x_wconf 89' lang='lat' dir='ltr'><strong>der</strong></span> <span class='ocrx_word' id='word_1_457' title='bbox 955 4541 1141 4595; x_wconf 56' lang='grc' dir='ltr'>»1111111111εῆ11-</span> <span class='ocrx_word' id='word_1_458' title='bbox 1153 4543 1257 4596; x_wconf 84' lang='lat' dir='ltr'><strong>neuliclr</strong></span> 
     </span>
     <span class='ocr_line' id='line_1_50' title="bbox 132 4606 1258 4675; baseline 0.004 -16"><span class='ocrx_word' id='word_1_459' title='bbox 132 4607 192 4659; x_wconf 85' lang='lat' dir='ltr'><strong>eine</strong></span> <span class='ocrx_word' id='word_1_460' title='bbox 209 4606 387 4660; x_wconf 76' lang='lat' dir='ltr'><strong>tranztsiscbe</strong></span> <span class='ocrx_word' id='word_1_461' title='bbox 406 4606 492 4659; x_wconf 84' lang='lat' dir='ltr'><strong>Krane</strong></span> <span class='ocrx_word' id='word_1_462' title='bbox 510 4607 624 4675; x_wconf 71' lang='lat' dir='ltr'><strong>poborgt,</strong></span> <span class='ocrx_word' id='word_1_463' title='bbox 644 4609 714 4662; x_wconf 89' lang='lat' dir='ltr'><strong>olmo</strong></span> <span class='ocrx_word' id='word_1_464' title='bbox 731 4610 859 4663; x_wconf 85' lang='lat' dir='ltr'><strong>Aussiolrt</strong></span> <span class='ocrx_word' id='word_1_465' title='bbox 876 4610 933 4664; x_wconf 86' lang='lat' dir='ltr'><strong>sein</strong></span> <span class='ocrx_word' id='word_1_466' title='bbox 951 4610 1016 4664; x_wconf 84' lang='lat' dir='ltr'><strong>Geld</strong></span> <span class='ocrx_word' id='word_1_467' title='bbox 1035 4611 1131 4664; x_wconf 88' lang='lat' dir='ltr'><strong>wieder·</strong></span> <span class='ocrx_word' id='word_1_468' title='bbox 1156 4629 1189 4666; x_wconf 86' lang='lat' dir='ltr'><strong>zu</strong></span> <span class='ocrx_word' id='word_1_469' title='bbox 1216 4628 1258 4665; x_wconf 88' lang='lat' dir='ltr'><strong>er-</strong></span> 
     </span>
    </p>
   </div>
   <div class='ocr_carea' id='block_1_6' title="bbox 131 4674 665 4732">
    <p class='ocr_par' dir='ltr' id='par_1_7' title="bbox 131 4674 665 4732">
     <span class='ocr_line' id='line_1_51' title="bbox 131 4674 665 4732; baseline 0 0"><span class='ocrx_word' id='word_1_470' title='bbox 131 4675 229 4732; x_wconf 76' lang='lat' dir='ltr'><strong>hultsu.</strong></span> <span class='ocrx_word' id='word_1_471' title='bbox 264 4674 326 4731; x_wconf 70' lang='lat' dir='ltr'><strong>rud.</strong></span> <span class='ocrx_word' id='word_1_472' title='bbox 345 4675 421 4731; x_wconf 80' lang='lat' dir='ltr'><strong>ooth.</strong></span> <span class='ocrx_word' id='word_1_473' title='bbox 439 4678 471 4732; x_wconf 64' lang='lat' dir='ltr'><strong>A,</strong></span> <span class='ocrx_word' id='word_1_474' title='bbox 491 4676 542 4731; x_wconf 75' lang='grc'><strong>370</strong></span> <span class='ocrx_word' id='word_1_475' title='bbox 559 4675 606 4730; x_wconf 87' lang='lat' dir='ltr'><strong>Nr.</strong></span> <span class='ocrx_word' id='word_1_476' title='bbox 625 4678 665 4732; x_wconf 78' lang='lat'><strong>47.</strong></span> 
     </span>
    </p>
   </div>
   <div class='ocr_carea' id='block_1_7' title="bbox 0 0 1392 4966">
    <p class='ocr_par' dir='ltr' id='par_1_8' title="bbox 0 0 1392 4966">
     <span class='ocr_line' id='line_1_52' title="bbox 0 0 1392 4966; baseline 0 0"><span class='ocrx_word' id='word_1_477' title='bbox 0 0 1392 4966; x_wconf 95' lang='lat' dir='ltr'><strong> </strong></span> 
     </span>
    </p>
   </div>
  </div>
 </body>
</html>
