2774 4966
470 636 592 718 Spalatin
612 665 645 701 an
664 639 748 703 Aldus
767 639 911 703 Manutius.
1208 648 1248 710 47

131 826 192 884 lem
216 820 249 883 in
272 819 421 884 manibus
454 819 616 898 habemus,
651 822 803 905 reliquam
833 827 869 885 ut
899 821 1010 902 quodn
1044 821 1189 883 ardenter
1219 827 1251 882 et

132 909 219 970 unice
247 907 471 970 desideramus.
517 907 679 990 Deumque
707 911 814 973 statim
844 914 876 972 el.
899 908 1082 989 suppliciter
1112 929 1248 977 oramus,

130 1000 163 1056 nt
185 1001 218 1055 te
240 993 384 1056 columen
409 993 602 1057 eruditorum
620 996 951 1058 servetettueat1112b
994 994 1122 1055 Vicinus
1146 999 1251 1055 noster

131 1078 290 1142 Mutianus
317 1078 420 1141 Rufus
450 1080 622 1142 eanonicus
656 1079 832 1158 Gothanus,
868 1083 962 1144 etiam
998 1080 1249 1141 doctissimorum

130 1166 245 1247 jndicio
268 1167 504 1228 literatissimus
530 1170 571 1240 et,
595 1167 679 1248 quod
702 1168 829 1240 scimus,
858 1167 975 1250 probus
998 1172 1029 1228 et
1054 1167 1183 1245 integer,
1206 1167 1251 1227 ita

132 1253 218 1314 dete
241 1253 432 1314 mentionem
456 1252 534 1315 facit
558 1252 773 1329 honorificam,
803 1257 839 1316 ut
862 1255 964 1316 lumen
998 1253 1067 1314 aevi
1097 1252 1197 1314 nostri
1221 1257 1252 1314 te

135 1339 289 1401 nominare
313 1359 375 1399 nou
401 1337 527 1401 desinat
550 1344 645 1419 atque
668 1338 766 1401 addat
789 1343 873 1402 serta
905 1360 995 1401 verae
1027 1338 1130 1400 laudis
1159 1339 1251 1401 testi-

136 1425 244 1487 monia.
289 1424 391 1505 Hujus
413 1423 543 1487 hortatu
567 1433 598 1487 te
621 1424 797 1488 salutamus
820 1425 971 1507 tibique⁰
1002 1423 1198 1504 gratulamur
1221 1437 1252 1486 et

136 1511 204 1573 ilem
226 1532 385 1591 rogamus,
413 1514 449 1573 ut
472 1510 617 1573 Hericum
641 1510 803 1574 Urbanum
835 1533 987 1593 aggreges
1020 1517 1146 1573 tuorum
1179 1533 1252 1572 exa·

138 1596 216 1659 mini.
261 1597 360 1659 Adest
383 1597 533 1677 magister
563 1595 759 1678 Spalatinus
792 1620 879 1660 rarae
912 1597 1120 1660 humanitatis
1148 1596 1252 1668 lrom0,

140 1684 185 1761 qui
207 1688 238 1745 et
260 1683 327 1764 ipse
349 1688 381 1745 te
404 1682 526 1746 salvum
550 1705 617 1746 esse
638 1684 738 1764 jubet.
785 1682 867 1758 Tibi,
898 1705 1019 1746 summe
1048 1684 1103 1756 vir,
1127 1688 1159 1745 et
1181 1681 1250 1745 Mu-

140 1769 216 1830 tiauo
250 1769 400 1832 debemus
433 1769 595 1850 politiores
631 1770 745 1832 literas.
793 1769 841 1832 Ob
869 1769 899 1831 id
930 1791 984 1850 pro
1016 1769 1117 1831 salute
1148 1772 1252 1831 vestra

143 1855 241 1917 merito
265 1861 339 1917 vota
357 1855 546 1936 suscipimus
569 1862 601 1918 et
624 1856 792 1918 reddimus.
842 1856 1021 1936 allegamus
1044 1855 1083 1918 ad
1107 1860 1138 1916 te
1161 1876 1252 1917 num-

145 1960 202 2002 mos
222 1962 331 2004 aureos
355 1947 501 2021 quatuor,
525 1962 580 2022 pro
604 1942 721 2023 quibus
745 1941 925 2004 Focehariis
949 1942 987 2003 ad
1012 1963 1069 2004 nos
1086 1940 1160 2003 dato
1177 1940 1253 2022 Ety-

146 2025 317 2106 mologicum
341 2026 504 2107 magnum'
530 2032 562 2089 et
584 2026 703 2090 dulium
728 2025 902 2091 Pollucem¹
926 2034 967 2104 et,
996 2030 1022 2089 si
1046 2048 1108 2090 non
1134 2031 1181 2090 est.
1204 2029 1252 2090 ni-

147 2111 236 2188 mium,
267 2113 421 2194 opuscula
455 2110 676 2186 Bessarionis³
711 2112 956 2194 Xenophontis·
987 2112 1190 2176 Ηίεῑοοίἱε(15
1222 2118 1253 2175 et

150 2198 280 2276 epistolas
295 2196 459 2261 Merulae.⁰
497 2197 643 2262 Christus
667 2205 698 2262 te
722 2201 881 2262 servassit.
924 2199 969 2262 Ex
987 2200 1140 2262 coenobio
1158 2199 1253 2262 Vallis

152 2280 176 2346 S.
196 2283 314 2366 Georgii
338 2284 462 2348 MDll.e
506 2283 572 2347 ΧΠ.
598 2285 663 2348 Cal.
688 2285 759 2347 llec.

280 2401 342 2454 Cod.
360 2401 426 2457 uror.
445 2402 486 2454 47.

151 2618 309 2693 dapenna
663 2611 714 2673 41.
1034 2629 1055 2682 1.
1074 2627 1136 2682 nez.
1157 2627 1253 2696 (rios).

379 2735 549 2823 Spalatin
573 2756 622 2805 an
644 2736 766 2805 Aldus
789 2736 1006 2806 Manutius.²

185 2863 316 2932 (Spalatr'n
333 2865 464 2935 arnpfiedll
481 2866 539 2919 sicli
557 2866 613 2919 urrd
629 2865 739 2919 diutina
757 2866 802 2918 dor
820 2866 1014 2933 Freruulsrdost
1031 2867 1074 2918 des
1093 2867 1196 2922 Aldus.)

183 2979 230 3029 ad
247 2982 548 3040 praestantissimum
564 2981 667 3030 virum
684 2981 801 3030 Aldum
819 2981 998 3031 Munatium
1016 2982 1200 3040 Romanum,

363 3066 554 3119 eruditorum
571 3067 754 3128 prinoipem,
772 3068 809 3118 G.
829 3067 1019 3128 spalatinae.

230 3180 333 3259 Salve,
358 3185 490 3264 patrone
512 3182 673 3247 literarum
691 3183 894 3266 optimarum.
933 3182 1065 3247 Mandat
1082 3182 1253 3257 ulntianus,

133 3267 179 3328 cui
206 3267 283 3330 nihil
313 3289 376 3331 non
408 3269 517 3344 debeo,
545 3275 654 3333 utine
684 3272 746 3333 tibi
777 3269 973 3333 familiariter
1005 3271 1172 3332 insinuem.
1219 3268 1252 3329 ld

132 3353 184 3433 qui
206 3373 345 3433 possum,
376 3356 532 3434 quandof
558 3356 652 3437 louge
674 3357 809 3419 absum?
854 3356 990 3420 Tantum
1015 3381 1032 3419 a
1056 3363 1087 3418 te
1111 3364 1193 3437 poto,
1218 3361 1254 3416 ut

128 3440 320 3519 respondeas
343 3446 376 3502 et
399 3441 558 3506 doctorem
591 3441 768 3506 Mutiauum
793 3447 824 3505 et
847 3465 896 3505 me
928 3442 1253 3504 commendatissimas

129 3525 255 3589 habeas.
302 3525 540 3591 Commoramur
564 3529 596 3591 in
621 3531 748 3611 regione
779 3527 971 3609 Tlruringiae
995 3551 1056 3590 non
1082 3527 1188 3610 procul
1213 3527 1253 3588 ab

128 3614 248 3674 aeraria
283 3612 508 3678 Foehariorum
543 3615 679 3678 officina.
731 3614 813 3678 Vale.
866 3614 911 3676 tx
945 3613 1030 3676 Valle
1064 3615 1251 3695 Georginnn,

128 3700 211 3761 intra
236 3698 301 3761 Cal.
329 3699 399 3762 Dee.

284 3817 346 3870 [ud
366 3817 431 3871 Frel.
449 3818 491 3870 48.

277 3979 333 3987 ...υ-η

194 4091 208 4119 ι
223 4081 256 4128 ut
273 4077 342 4143 quod
359 4075 465 4127 streuui
485 4075 592 4130 ‚ulaine
657 4079 789 4129 btuoetur
809 4076 881 4127 lna.
944 4075 1015 4127 ctilii
1038 4074 1109 4127 uua.
1172 4074 1254 4126 ‹llio-

125 4146 211 4200 molis.
285 4144 390 4197 ⁸Mill(
411 4144 484 4197 llus.
557 4150 568 4187 f
580 4161 662 4212 quum
683 4146 755 4197 Trux.

199 4218 206 4247 ¹
227 4213 326 4267 Vened.
349 4213 421 4267 lius.
441 4213 569 4281 Calliorgi.
625 4214 841 4268 'lirionrasticon
872 4213 934 4266 l'uu.
956 4212 1029 4265 1502.
1083 4215 1093 4243 ²¹
1110 4213 1168 4264 doli.
1188 4213 1252 4264 Bes-

128 4283 216 4337 surion
237 4299 286 4335 aus
305 4283 458 4350 Trapiezrrnt.
478 4283 621 4335 rdiniselrer
639 4283 768 4344 (sardiani,
794 4282 897 4333 solnielr
915 4298 996 4348 gegen
1016 4284 1064 4333 don
1084 4282 1255 4333 Vni-larundo·

128 4353 218 4406 Plutus
247 4354 343 4420 (Georg
371 4368 420 4403 von
448 4352 610 4419 maluerunt).
647 4352 712 4404 lloru
738 4354 811 4405 1469,
842 4351 904 4402 Veri.
935 4352 1005 4403 lt'rOll.
1083 4350 1253 4402 ⁴llollonira.

127 4422 194 4475 Vsu.
217 4423 292 4475 1503.
363 4424 374 4453 ‘¹
395 4421 526 4473 lliorocles
544 4421 572 4472 Iu
592 4437 684 4473 arianos
709 4437 801 4473 versus
830 4420 998 4486 Pythagorae,
1027 4420 1082 4472 Pat.
1113 4422 1185 4471 llil.

162 4492 278 4558 ‘Georg
297 4489 406 4553 Merula,
425 4489 524 4542 labier
547 4491 593 4542 dn·
616 4490 693 4542 tlass.
719 4490 849 4543 Literatur·
867 4489 892 4539 in
911 4489 1028 4556 Veriodig
1055 4490 1106 4540 iind
1135 4488 1254 4542 llailaml,

125 4560 204 4614 Sane
230 4558 416 4613 Enanntiones
442 4559 506 4613 l'en.
534 4562 596 4611 llil
617 4576 640 4612 u.
662 4561 734 4612 latu.
807 4558 891 4610 'l'ou
914 4558 1006 4610 Terrzel
1026 4577 1048 4626 p.
1066 4561 1100 4610 43
1118 4558 1255 4610 l'tilsrlrlislr

127 4630 168 4683 uls
186 4629 261 4682 Briet
276 4628 381 4682 Urbane
399 4629 555 4697 autgelthrt.
