2774 4966
515 607 621 662 ilutien
642 622 677 662 an
696 609 857 665 Hartmanu.
1184 613 1248 681 535

183 775 382 837 Ampnssimo
400 779 505 841 legato
526 780 556 830 Β.
574 779 779 841 moguntinae
797 778 880 830 sedis
896 778 1093 831 Hammeum
1112 781 1184 833 abb.

477 865 612 925 principi
630 877 699 914 meo
716 865 761 914 Μ.
779 862 890 914 Rufus.

221 972 315 1037 Salus
338 977 371 1038 et
393 975 494 1055 gloria
517 974 588 1052 tibi,
620 975 754 1038 domiue.
800 973 914 1037 Merito
937 978 968 1037 19
991 976 1036 1037 910
1066 974 1195 1040 honoris
1218 983 1250 1041 st

115 1059 213 1122 oflicii
237 1080 333 1122 causa
357 1060 470 1124 saluto.
517 1059 585 1123 Tua
608 1061 691 1122 enim
716 1060 919 1122 incolumitas
955 1060 1037 1123 lecto
1061 1065 1093 1122 et
1116 1061 1249 1127 culcitra

114 1145 233 1209 relictis
255 1145 390 1208 salutern
416 1146 507 1209 affert
530 1146 688 1209 universis
711 1145 877 1208 ordinibus
900 1144 1157 1210 Erdisiordianae
1188 1148 1249 1212 rei-

115 1230 269 1312 publicae.
316 1229 427 1294 Faciat
449 1231 511 1308 ille‚
534 1233 591 1314 qui
613 1230 693 1294 nihil
717 1252 781 1293 non
800 1234 915 1311 potest,
935 1235 972 1294 ut
987 1253 1063 1313 pace
1079 1232 1250 1314 impetrata

115 1317 229 1380 civitas
253 1316 406 1388 refloreat,
429 1316 553 1397 tibique
568 1315 764 1399 pacificatori
781 1315 890 1379 sellam
908 1315 1048 1379 curulem
1064 1317 1248 1397 eburneam,

115 1406 223 1482 togam
247 1401 376 1483 pictam,
400 1404 540 1466 tunicam
559 1403 741 1484 palmatam,
759 1405 900 1483 pateram
917 1423 1045 1465 auream
1062 1407 1093 1464 et
1110 1402 1249 1467 breviter

113 1487 263 1550 universa
285 1486 491 1568 triumphalia
514 1491 702 1551 ornamenta
734 1486 883 1550 secundis
916 1487 1078 1550 ominibus
1099 1491 1133 1551 et
1155 1487 1248 1554 hilari

114 1573 323 1636 consensione
357 1572 515 1636 decernat.
561 1572 642 1636 Nam
674 1572 701 1634 si
732 1570 806 1635 clim
841 1571 910 1653 lege
945 1575 1074 1635 cautum
1105 1572 1176 1650 fuit,
1207 1596 1248 1637 ne

113 1659 164 1721 cui
187 1656 368 1739 triumphus
390 1658 619 1733 decerneretur,
645 1658 705 1721 nisi
730 1658 784 1737 qui
807 1658 949 1740 quinque
973 1657 1074 1720 millia
1105 1657 1246 1723 hostium

112 1764 178 1806 una
201 1742 269 1805 acie
292 1743 471 1819 occidisset,
496 1748 617 1823 quanto
642 1743 724 1806 foret
745 1744 879 1824 aequius
905 1762 960 1823 pro
976 1745 1173 1807 conservatis
1188 1743 1247 1809 XX

113 1828 242 1892 milibus
267 1828 421 1892 bonorum
451 1829 566 1893 civium
591 1833 622 1891 te
646 1827 903 1891 honestissimum
935 1832 1089 1910 apparatu
1122 1830 1246 1911 magni-

111 1913 318 1978 ficentissimo
343 1914 564 1996 triumphare?
608 1913 686 1977 Mihi
717 1913 837 1979 sufficit
867 1911 1008 1977 Danielis
1038 1911 1132 1977 hodie
1163 1913 1246 1979 lecta

112 2000 269 2082 precatio:
298 1998 462 2080 „Domina
486 2020 524 2062 ns
548 2000 704 2080 despicias
725 1999 877 2080 populum
893 2003 983 2061 tuum
1002 2020 1105 2081 neque
1120 1997 1246 2063 auferas

111 2084 360 2148 misericordiam
394 2088 482 2147 tuam
517 2107 536 2148 a
569 2082 692 2149 nobis.“
747 2083 830 2147 Audi
866 2105 960 2160 nuuc,
994 2088 1136 2166 patrone,
1168 2085 1245 2165 quid

111 2191 182 2233 mea
212 2169 347 2233 intersit.
395 2169 537 2235 Adamus
567 2170 710 2245 Publius,
741 2191 830 2233 meus
860 2168 1035 2233 obsonator
1058 2173 1091 2232 et
1113 2190 1243 2252 coquus,

110 2277 201 2319 ame
225 2256 342 2319 missus
375 2256 415 2319 ad
451 2253 711 2337 Eitelvolphum‚¹
747 2255 847 2318 virum
883 2255 915 2317 in
948 2254 1021 2318 aula
1053 2252 1245 2336 Mogontina

113 2341 301 2424 praecipuae
324 2342 492 2421 dignitatis
515 2346 548 2406 et
570 2340 773 2405 auctoritatis
797 2346 828 2404 et
850 2340 983 2422 gratiae,
1000 2360 1150 2422 magnam
1166 2340 1244 2407 mihi

110 2447 198 2508 spem
233 2424 369 2491 retulit.²
429 2425 595 2507 „Audiuit
631 2427 748 2509 inquit,
784 2425 968 2507 „albertum
1006 2426 1242 2490 sanctissimum

112 2511 291 2577 honorabili
328 2533 402 2578 voce
437 2517 602 2577 canentem
642 2513 750 2577 divina
786 2512 937 2592 mysteria
974 2510 1055 2574 festo
1093 2511 1156 2586 die,
1192 2511 1244 2577 cui

114 2594 263 2660 1991919ι
281 2619 394 2661 nomen
413 2603 468 2661 est.
502 2597 598 2661 Nulla
614 2597 675 2661 fuit
691 2617 832 2677 unquam
849 2596 986 2661 divinior
1002 2597 1243 2663 cerimoniarum

112 2683 203 2746 ratio.
251 2682 378 2764 Papalis
401 2705 478 2746 crux
502 2684 673 2766 episcopali
696 2683 830 2764 scipioni
865 2684 961 2746 decus
995 2681 1121 2763 adjecit.
1167 2682 1244 2748 Post

113 2790 178 2831 rem
217 2768 357 2832 divinam
396 2770 560 2851 respondit
595 2767 833 2850 Eitclvolphus:
873 2762 935 2850 ,31)
973 2769 1021 2828 nil
1053 2773 1102 2828 boa
1137 2786 1243 2828 onitin

109 2853 254 2917 Matieno
272 2856 419 2927 itubtrlidi
437 2853 626 2930 arretinum!l
674 2852 701 2918 0
724 2853 912 2917 fidissimum
930 2856 962 2916 et
978 2851 1241 2932 benignissimum

108 2939 335 3003 auxiliarium!
390 2938 504 3003 Verum
543 2939 576 3004 id
609 2941 693 3022 quod
732 2938 916 3023 flagitabam
955 2942 988 3001 01
1023 2936 1243 3020 Elleluolphus

111 3025 307 3107 promiserat,
345 3024 448 3089 adhuc
482 3023 590 3089 haeret
614 3026 645 3087 in
670 3023 843 3089 scribarum
878 3024 1006 3088 decuria
1040 3028 1115 3086 tuas
1150 3023 1243 3087 nobis

109 3111 273 3175 felicitatis
304 3110 535 3192 expediendum
568 3133 674 3174 mauu,
719 3109 766 3173 De
796 3129 860 3191 qua
890 3130 947 3193 spe
976 3129 1117 3173 seorsum
1147 3108 1187 3171 ad
1211 3112 1243 3172 ta

111 3194 275 3273 scribam,⁴
299 3201 432 3277 patrone
456 3200 571 3260 noster.
619 3195 702 3259 Vale.
727 3195 793 3258 1111.
817 3194 886 3258 Kal.
911 3194 984 3277 lipr.

215 3279 317 3344 Cardo
341 3282 407 3361 spei
431 3287 559 3344 nostrae
575 3282 607 3344 in
626 3303 662 3345 eo
679 3281 822 3344 vertitur.
868 3280 1042 3362 Postquam
1059 3278 1108 3342 Jo.
1125 3277 1242 3359 Engel·

109 3365 236 3429 lendro⁶
260 3387 423 3429 successor
440 3371 489 3428 est
504 3367 598 3431 datus
615 3366 726 3431 doctor
744 3366 894 3429 Gamerae
912 3364 997 3446 (utar
1013 3364 1098 3427 notis
1115 3361 1242 3445 verbis),

110 3452 223 3514 cecidit
247 3474 317 3514 mea
340 3453 547 3532 exspectatio.
593 3451 673 3515 Nam
706 3451 834 3534 poposci
866 3471 973 3531 preces
1006 3449 1170 3530 primarias
1194 3468 1242 3522 uni

107 3537 239 3612 11190001)
273 3542 335 3597 citt
365 3534 474 3608 Saluo.
520 3538 588 3599 Uno
612 3540 657 3613 hot
680 3538 729 3597 nit
753 3539 798 3612 hrt
820 3536 991 3614 iiiitlnelpl)
1021 3553 1080 3596 uun
1104 3531 1190 3596 Sinin
1213 3534 1242 3593 in

106 3626 153 3681 brt
182 3623 316 3683 cancellis
346 3621 448 3702 nitunt
475 3623 524 3682 nir
552 3627 601 3684 om
629 3624 735 3694 tantuli
766 3621 816 3684 sei.
862 3618 924 3684 Sed
949 3617 1028 3683 velle
1050 3640 1085 3682 se
1106 3617 1241 3683 scrutari

107 3727 231 3769 summa
255 3705 432 3787 diligentia,
455 3727 495 3769 an
519 3705 626 3771 adhuc
647 3705 769 3787 aliquid
793 3708 893 3769 restet
908 3705 1047 3769 dandum
1071 3703 1120 3768 vel
1144 3703 1242 3767 isthic

108 3790 158 3854 vel
183 3795 274 3855 extre
296 3791 518 3874 Erphurdiam.
564 3790 606 3856 Se
629 3795 775 3875 paratum
799 3811 868 3854 esse
890 3794 1016 3871 gratum
1040 3789 1119 3854 mihi
1138 3787 1242 3852 facere

106 3881 139 3939 91
162 3877 323 3958 opitulari.
368 3876 426 3941 His
449 3877 544 3941 dictis
566 3875 699 3940 mandat
721 3876 885 3958 negotium
920 3873 1082 3939 Chonrato
1114 3874 1242 3939 Ruclrer

179 4047 187 4076 ¹
206 4033 278 4097 liber
296 4044 428 4099 Eitelwoli
443 4062 505 4099 rom
523 4044 605 4112 Stein,
625 4046 675 4098 don
694 4045 830 4114 gelehrteu
843 4043 948 4097 lheund
957 4043 1004 4096 der
1012 4041 1240 4095 wissenschaften

106 4128 150 4165 am
175 4112 292 4166 Mainzer
315 4114 390 4178 iloto,
408 4113 461 4183 rgl.
480 4113 623 4180 Strausrx
646 4112 878 4174 uir.v.11un.1,
899 4111 1086 4165 15-18u.c.
1122 4109 1241 4164 Mutians

105 4179 272 4249 Hoffuuugeu
299 4183 345 4234 aui
365 4183 411 4234 ilrn
436 4182 544 4235 worden
567 4182 651 4235 durch
669 4182 759 4234 seinen
777 4181 815 4233 im
832 4179 886 4233 hini
907 4182 972 4233 1515
990 4178 1117 4247 eiiolptou
1134 4177 1187 4230 Tod
1206 4194 1240 4230 au

106 4249 203 4303 nichtc.
240 4250 298 4319 Vgl.
318 4250 359 4302 Br.
379 4251 438 4304 498.
475 4250 575 4302 Hutten
594 4266 628 4303 nn
645 4244 1239 4317 1110119,11.10011515(Βό011103,00[).

106 4316 128 4375 Ι,
145 4317 205 4385 43);
224 4317 307 4372 »Inter
325 4335 379 4384 eos,
398 4319 443 4386 qui
463 4319 490 4370 in
507 4318 591 4372 literis
609 4318 731 4381 otiamur,
759 4317 904 4386 plurimum
932 4315 1052 4383 suspexit
1079 4313 1239 4383 (ltelxolius)

107 4385 256 4439 lllutianum
274 4387 381 4455 Rufum,
400 4403 433 4440 ex
452 4386 570 4455 epistolis
583 4391 610 4440 et
622 4387 767 4440 amicorum
780 4385 1006 4440 commendatione
1019 4382 1155 4451 cognitum
1168 4381 1240 4434 sibi«

143 4445 243 4511 ²iiber
259 4455 365 4508 iriihere
382 4455 479 4509 Reisou
497 4456 545 4509 Ad.
564 4453 683 4509 Pubhus'
702 4455 771 4508 nach
790 4452 893 4509 Hessen
911 4453 962 4522 vgl.
981 4453 1007 4507 S.
1026 4452 1077 4506 513
1095 4453 1126 4506 Δ.
1145 4448 1169 4503 2.

107 4523 153 4645 B'
171 4521 345 4648 20.bllistirz515
362 4526 391 4647 Α*
408 4523 463 4647 Bas
492 4523 635 4578 bescndsrc
664 4522 808 4577 Schreiheu
833 4520 918 4577 bildet
938 4521 991 4576 den
1014 4520 1131 4588 Anhang
1153 4518 1244 4571 dieses

131 4607 151 4647 Γ·
267 4633 275 4652 0
388 4635 394 4648 .
432 4634 437 4649 .
