2774 4966
10 29 972 307 .-

367 621 471 682 llutien
491 645 525 682 an
548 629 647 685 Eobau.
684 619 788 682 blutian
808 642 841 682 an
861 622 960 685 Urban.
1164 632 1226 695 577

96 806 220 869 animas
243 802 332 867 coelo
356 803 470 884 dignas
493 824 627 884 vereque.
651 801 761 865 beatas
784 801 901 865 divinis
924 804 1110 867 ceremoniis
1132 825 1227 868 vene·

93 912 206 953 remur.
253 887 408 952 Habenda
442 893 549 951 tamen
584 893 653 951 erat
682 888 759 950 mihi
792 888 872 950 ratio
902 887 1073 962 amicitiae,
1104 895 1140 952 ut
1172 910 1226 970 pro

93 978 212 1058 pietate
243 996 313 1038 mea
336 979 367 1037 et
390 980 446 1036 tua
468 974 500 1035 in
525 995 575 1036 me
606 973 829 1036 benevolentia
861 973 1038 1036 scriberem.
1084 975 1223 1052 Eobane,

94 1062 208 1123 certior
241 1059 344 1123 lactus
378 1081 397 1121 a
432 1058 642 1122 familiaribus
676 1058 870 1122 doctissimis
904 1059 980 1120 viris
1013 1061 1051 1122 de
1085 1060 1225 1124 adventu

95 1145 127 1210 S.
152 1145 252 1227 patris
278 1144 421 1218 Alberti,'
448 1148 526 1226 puto
549 1144 596 1206 tui
613 1164 680 1206 esse
695 1143 802 1218 oflicii,
819 1147 855 1206 ut
871 1144 1036 1206 introitum
1054 1144 1223 1209 describas.

92 1229 204 1295 Omnis
229 1230 330 1293 clerus
352 1227 562 1310 Turingorum
592 1227 733 1291 conferre
756 1249 884 1290 necesse
908 1227 1005 1291 babet
1036 1229 1225 1308 subsidium,

92 1317 137 1379 ita
159 1315 314 1378 tributum
347 1313 506 1394 quoddam
538 1335 707 1386 vocamus,
733 1312 876 1393 pontifici
907 1334 1032 1394 magno.
1077 1313 1138 1377 Par
1166 1321 1225 1392 est,

92 1407 129 1463 ut
163 1408 325 1483 poetarum
360 1399 455 1461 etiam
491 1397 634 1460 subsidia
670 1399 861 1461 conveniant
889 1404 921 1461 et
948 1404 982 1461 tu
1007 1399 1074 1481 ejus
1104 1399 1225 1463 ordinis

92 1488 237 1568 princeps
260 1485 401 1548 carmina
424 1484 557 1566 pendas.
603 1482 744 1563 Utraque
767 1483 876 1564 pensio
893 1484 1225 1560 honorificentissima,

91 1592 285 1652 quamquam
310 1576 366 1633 tua
391 1569 613 1650 praestantior,
637 1573 804 1650 propterea
827 1570 912 1649 quod
936 1590 997 1632 non
1021 1591 1112 1633 usum
1132 1572 1224 1634 modo

92 1664 124 1720 et
161 1656 298 1719 fructum
334 1653 555 1736 praesentibus
587 1653 641 1716 sed
678 1675 833 1716 summam
868 1660 995 1736 q'uoque
1027 1656 1221 1736 voluptatem

92 1742 272 1823 posteritati
296 1740 384 1802 ferat.
431 1738 568 1802 Tantum
586 1746 643 1816 est,
661 1739 745 1820 quod
769 1738 863 1801 datur
879 1761 898 1802 a
914 1741 1024 1820 poetis.
1064 1742 1106 1804 at
1122 1741 1222 1805 dices:

95 1826 294 1908 „Contentus
318 1827 381 1888 isto
404 1823 533 1887 stimulo
557 1845 621 1887 non
645 1845 734 1902 sum3
759 1824 829 1887 volo
847 1823 923 1887 mihi
939 1826 1043 1905 gratia
1058 1825 1222 1904 referatur,

91 1913 167 1992 quia
189 1933 239 1974 res
262 1912 436 1974 domestica
458 1910 566 1973 tenuis
589 1909 715 1990 quidem
740 1908 861 1989 aliquid
878 1909 1065 1974 desiderat.“
1107 1911 1223 1974 Assen-

91 2001 188 2061 timur
219 2002 250 2060 et
278 1996 390 2060 damus
420 1994 481 2058 hoc
511 2015 714 2076 responsum:
748 1996 871 2076 opinari
906 2017 955 2058 me
988 1995 1222 2060 Suntlrusenio²

95 2085 280 2165 permissum
298 2082 412 2152 locum,
430 2101 523 2160 quem
547 2077 804 2161 Eitalavolphus⁸
827 2080 967 2144 tenebat.
1013 2080 1089 2163 Ejus
1111 2082 1222 2164 singu-

91 2168 187 2233 larem
213 2168 243 2231 in
268 2189 326 2231 nos
351 2165 548 2229 voluntatem
580 2166 725 2246 cognovi.
771 2164 840 2240 Qua
870 2187 908 2228 ex
939 2188 972 2228 re
1002 2166 1155 2244 futurum,
1187 2172 1223 2231 ut

93 2276 174 2336 quae
200 2254 327 2336 petieris
350 2253 508 2334 impetres,
533 2251 594 2313 nisi
617 2251 696 2313 torte
725 2251 876 2315 introitus
905 2252 1044 2316 obsessis
1074 2252 1222 2316 omnibus

92 2341 151 2402 viis
186 2338 341 2423 praeclusi
375 2343 477 2399 erunt.
522 2334 602 2399 Illud
634 2335 713 2400 mihi
742 2357 870 2416 prorsus
902 2337 992 2400 valde
1024 2337 1171 2420 placebit,
1196 2339 1224 2402 si

90 2424 213 2488 nobiles
247 2425 332 2487 viros
367 2421 415 2485 vel
449 2422 556 2503 potius
589 2442 760 2502 generosos
793 2420 905 2485 heroas
937 2421 1026 2486 tu0s⁸
1049 2423 1090 2486 ad
1123 2422 1222 2487 Sunt·

91 2510 258 2574 husenium
283 2508 415 2581 miseris,
438 2509 471 2571 in
496 2507 586 2588 cujus
610 2506 758 2570 clientela
780 2508 968 2588 quietiorem
992 2510 1089 2572 vitam
1113 2512 1221 2589 agent,

90 2597 150 2659 etsi
175 2600 317 2659 monstra
339 2592 493 2675 quaedam
519 2593 658 2672 insignia
682 2613 743 2655 non
761 2592 877 2656 desunt
892 2592 983 2656 aulae
1001 2593 1221 2676 Moguntinae.

91 2681 226 2759 Audisti,
250 2680 325 2762 quid
346 2679 485 2761 jactaret
506 2678 650 2759 gregaria
673 2699 787 2760 penna,
803 2677 837 2716 ⁵⁸
860 2678 931 2755 tibi,
948 2678 1036 2754 mihi,
1053 2677 1221 2761 Capnioui,

90 2767 227 2830 breviter
262 2765 395 2828 eruditis
428 2762 577 2826 omnibus
609 2763 749 2825 adversa.
803 2763 869 2827 Nos
902 2786 921 2827 a
954 2764 1051 2828 Zoilis
1085 2765 1155 2827 istis
1189 2771 1221 2829 et

90 2852 227 2933 ejusdem
264 2850 389 2933 generis
423 2848 599 2912 audaeibus
632 2848 744 2911 scribis
772 2849 812 2912 ad
841 2848 1061 2932 philosophiae
1094 2854 1220 2932 portum

89 2936 289 3020 protegimus
318 2935 492 2998 aulicorum
525 2933 704 2997 flucticulus
728 2939 759 2997 et
788 2956 906 2998 sannas
936 2957 975 2998 ne
1006 2935 1062 3018 pili
1091 2935 1220 3016 quidem

91 3024 252 3087 facientes,
298 3021 416 3084 Eodem
451 3040 520 3083 meo
554 3019 697 3101 exemplo
732 3019 826 3084 timor
848 3024 880 3083 te
903 3020 1009 3084 nullus
1039 3024 1218 3103 perterreat.

91 3108 230 3172 Favente
253 3105 472 3171 Suntlrusenio
490 3106 584 3167 ceteri
601 3126 639 3167 ex
657 3104 831 3168 scribarum
849 3106 976 3169 decuria
993 3105 1070 3169 nibil
1087 3106 1219 3188 egerint.

89 3193 171 3258 Vale.

244 3293 305 3345 t'od.
324 3290 391 3343 Frol.
410 3289 467 3342 506

90 3459 205 3528 (uolua.)
614 3443 688 3505 515.
975 3460 1026 3526 (ro.
1047 3460 1112 3527 Aug.
1134 3460 1219 3527 1515.)

463 3569 607 3640 Mutian
630 3588 679 3638 an
701 3568 842 3639 Urban.
1119 3547 1120 3550 ¹

89 3698 154 3763 (Der
178 3698 301 3750 llluinaer
324 3698 387 3750 Botc
402 3698 448 3751 tal
466 3698 509 3750 die
527 3696 648 3762 Arrtrmst
671 3697 715 3748 das
740 3695 910 3763 Erabrsclross
929 3696 958 3748 rit
978 3696 1074 3762 ursan
1098 3697 1146 3763 [tir
1170 3698 1219 3750 deu

88 3769 129 3819 13.
148 3767 252 3832 Aupust
270 3767 436 3832 nirpcrneldet.
472 3764 650 3833 Hauptmunn
676 3765 760 3816 Haud
785 3766 929 3817 omresend.
967 3765 1023 3817 Deir
1053 3766 1218 3834 Gesunpencu

88 3835 163 3887 droht
189 3836 234 3886 der
263 3835 318 3886 Tou.
355 3834 415 3887 Post
432 3836 463 3886 r'n
482 3833 602 3886 Messe-22.
639 3831 694 3885 Hal
717 3833 760 3884 dre
785 3832 948 3900 I’otpauttrca
975 3833 1033 3885 und
1060 3833 1219 3886 asturiam

89 3903 197 3970 Ihbesta
209 3903 332 3954 ertatem.
374 3904 464 3956 Urban
482 3903 598 3955 selleca
617 3901 704 3953 &iteri
721 3902 766 3953 der
785 3901 860 3954 Studt
878 3901 974 3967 Erfurt
993 3901 1080 3953 ructate
1096 3903 1144 3966 stis·
1161 3902 1219 3954 sein

522 3970 625 4023 utosor
641 3969 782 4036 sr'irclrten.)

122 4085 250 4136 Urbano
268 4096 346 4142 meo,
370 4085 421 4133 eui
438 4082 590 4145 refragari
607 4098 665 4135 nec
684 4085 755 4134 volo
772 4096 831 4133 nec
850 4081 957 4141 debeo,
976 4084 1075 4133 amico
1092 4095 1182 4143 prae-

490 4169 596 4220 stabili
615 4169 669 4232 (M.
686 4165 811 4235 Rufus).

192 4280 224 4343 S.
270 4281 345 4343 Post
369 4280 474 4344 officia
496 4281 657 4344 matutina
680 4281 744 4343 divi
769 4278 898 4342 Levitae
928 4277 1102 4356 Laurentii,
1132 4279 1217 4359 quod

157 4430 170 4456 ι
184 4415 238 4467 Am
255 4414 364 4466 Recede:
384 4413 502 4534 gregaria
519 4430 604 4481 penna
622 4413 742 4466 Greeker.

160 4483 244 4551 ¹ng
263 4483 288 4534 S.
308 4483 359 4536 562
377 4488 415 4542 A,
445 4489 469 4536 .'
521 4481 575 4536 ¹8.
594 4483 645 4536 504
664 4485 693 4535 Α.
713 4485 736 4534 5.
808 4480 860 4533 ³S.
879 4480 928 4533 561
950 4483 979 4533 A.
999 4479 1023 4531 3.
1060 4477 1218 4544 Naclrlolger

89 4553 179 4605 winde
198 4553 245 4604 der
262 4550 413 4603 tlolrichter
429 4549 532 4603 dohann
550 4567 603 4603 ron
621 4550 701 4603 Ltine.
757 4549 835 4601 ‘Die
853 4547 996 4602 Heroiden,
1029 4546 1059 4598 S.
1074 4548 1130 4597 40ss
1150 4547 1228 4595 us.

125 4621 205 4673 ⁵Der·
222 4619 338 4673 Mainzer·
355 4617 447 4672 Scriba
464 4618 607 4690 Gregorius
623 4619 651 4677 S.
684 4618 750 4689 tgl.
763 4615 796 4675 5,
810 4617 868 4671 'atil
888 4620 922 4669 s.
933 4616 966 4669 t..
988 4622 991 4627 ’

111 4709 245 4750 chtscbrlfr
258 4709 284 4748 N.
299 4709 326 4748 F.
340 4708 419 4757 suppl.
432 4710 476 4750 1x.
994 4681 1043 4742 Ὢ
