2774 4966
399 39 1349 277 Ιί-

126 587 189 652 344
530 582 617 637 Briefe
639 583 685 638 des
705 585 730 641 J.
751 582 823 639 1513.

127 759 168 825 ad
191 779 239 821 me
262 756 448 821 scribentem
480 755 616 819 excitavi
647 755 737 819 melle
760 761 791 820 et
813 755 885 819 felle
912 760 1002 819 tunm
1030 755 1182 830 affinem'
1208 759 1245 820 ut

128 844 292 910 scribendo
317 843 442 905 tandem
467 842 636 923 aliquando
660 843 864 925 interpolaret
888 842 1149 906 benevolentiam.
1196 842 1244 905 Ad

131 938 163 996 te
186 952 257 994 vero
288 929 421 992 amicum
449 928 712 1008 jucundissimum
749 929 824 1009 qnid
855 928 1015 991 scribam?
1059 929 1166 1010 Nuper
1188 929 1245 992 ad-

129 1018 247 1095 monui,
280 1021 316 1079 ut
337 1014 464 1078 officiali
492 1012 562 1077 tuo²
591 1014 749 1077 Brevem⁸
778 1014 895 1078 faceres
925 1016 956 1078 in
980 1015 1099 1095 synodo
1130 1014 1244 1078 celebri

133 1101 350 1168 sacerdotibus
372 1098 611 1163 exhibendum.⁸
657 1099 703 1163 Tu
727 1101 818 1163 velim
843 1102 947 1183 capita
971 1101 1076 1182 digere
1098 1106 1130 1164 et
1145 1100 1246 1164 latine

130 1191 210 1254 ritus
233 1188 338 1251 indica
369 1185 517 1268 mihique,
545 1186 699 1267 quidquid
727 1187 929 1268 congesseris,
963 1186 1103 1260 ostende,
1131 1191 1167 1250 ut
1189 1209 1246 1269 ap-

131 1296 245 1358 ponam
269 1295 330 1337 non
356 1273 456 1336 dicam
480 1272 609 1335 meliora
631 1273 684 1335 sed
702 1296 747 1350 ea,
771 1295 851 1354 qnae
874 1273 1004 1336 rudibus
1028 1273 1092 1336 sint
1108 1273 1245 1355 cognita.

132 1361 213 1426 Novi
237 1360 330 1436 enim,
356 1358 472 1440 qnibus
495 1357 598 1420 verbis
626 1360 705 1421 sacri
729 1359 896 1439 gaudeant.
942 1358 1107 1421 Tiloninus
1135 1359 1246 1422 vellem

132 1452 272 1511 maneret
294 1447 325 1508 in
349 1444 457 1508 schola
476 1443 569 1525 juris*
601 1450 723 1507 etcum
749 1446 899 1508 studiosis
930 1467 991 1508 non
1020 1446 1164 1526 satyrice,
1193 1444 1248 1507 sed

132 1533 311 1596 humaniter
333 1535 447 1611 ageret.
494 1529 546 1592 Sic
568 1530 785 1593 defenderetur
816 1532 856 1592 ab
880 1531 993 1612 injuria
1022 1532 1190 1613 sophorum
1216 1537 1249 1595 et

134 1619 251 1702 poetici
275 1617 412 1680 nominis
434 1616 573 1695 dignitas
603 1616 795 1696 Erphurdiae
819 1622 1063 1679 conservaretur.
1109 1618 1198 1694 Quod
1222 1620 1249 1682 si

136 1727 198 1769 nou
222 1705 285 1781 liet,
310 1702 492 1765 succumbet
508 1701 614 1783 procul
633 1702 728 1765 dubio
745 1707 792 1765 tot
808 1703 1003 1782 gravissimis
1019 1703 1249 1785 professoribus

133 1792 286 1856 diversam
311 1794 427 1852 sectam
449 1788 643 1870 juvantibus.
689 1788 852 1869 lngenium
876 1789 981 1853 tribuo
1005 1795 1070 1852 tum
1094 1810 1163 1855 meo
1187 1791 1249 1854 Eo·

132 1876 230 1941 ban0⁵
258 1882 324 1938 tum
349 1875 421 1938 huic
451 1873 606 1948 Tilonirm,
631 1875 775 1956 quamvis
791 1877 874 1958 prior
890 1877 932 1938 sit
947 1875 1149 1953 sublimior,b
1171 1876 1249 1940 ube-

136 1965 199 2027 rior
221 1963 252 2024 iu
279 1961 451 2043 pangendis
475 1959 624 2023 versibus.
673 1961 772 2042 llujus
799 1984 871 2025 vero
895 1963 925 2024 in
950 1962 1092 2043 epistolis
1122 1985 1250 2026 cacoze-

133 2051 206 2114 liam
223 2061 235 2089 ⁰
258 2047 451 2111 nullomodo
476 2047 600 2128 recipie.
636 2045 704 2109 Vidi
729 2047 888 2111 Bononiae
906 2049 991 2131 pium
1008 2050 1250 2129 grammaticum

134 2137 300 2217 insignem,
324 2156 415 2215 quern
439 2133 479 2195 ob
503 2134 682 2196 affectatum
708 2155 879 2196 sermonem
910 2134 1037 2217 quidam
1068 2135 1251 2199 scholastici

134 2221 337 2305 appellabant
363 2219 534 2282 deridicula
568 2241 641 2281 voce
678 2218 901 2300 Physiculanti.
954 2219 1070 2285 Incidit
1098 2223 1129 2284 in
1157 2221 1252 2303 hujus

136 2308 358 2372 annotationes
400 2307 517 2388 priores
564 2304 744 2367 Tiloninus‘
778 2310 809 2369 et
846 2306 939 2369 verba
977 2312 1086 2388 captat
1118 2307 1158 2370 ab
1193 2330 1252 2371 usu

136 2394 327 2458 eruditorum
358 2403 487 2466 remota,
521 2397 630 2455 contra
659 2390 802 2455 Caesaris
830 2399 1040 2475 praeceptum,
1074 2394 1157 2474 quod
1179 2393 1252 2457 Gel-

138 2481 198 2545 lius
232 2479 310 2542 libro
344 2479 365 2541 l.
398 2479 500 2559 capite
533 2477 569 2540 X.
600 2479 630 2540 in
669 2479 788 2542 Atticas
823 2479 937 2541 Noctes
972 2479 1088 2543 retulit.
1141 2480 1253 2562 ltaque

139 2568 165 2630 si
189 2567 295 2649 quiete
317 2571 348 2629 et
370 2565 435 2628 otio
458 2565 577 2627 musico
601 2563 662 2625 frui
685 2565 828 2640 voluerit,
857 2566 983 2628 desinat
1006 2567 1152 2630 insectari
1178 2589 1253 2630 con·

143 2654 231 2717 viciis
253 2652 412 2715 literarum
436 2651 662 2730 antesignanos
685 2657 716 2729 et
739 2653 887 2714 affectata
912 2653 1017 2716 demat
1040 2659 1072 2715 et
1088 2654 1139 2729 sit,
1163 2654 1188 2716 si
1206 2654 1254 2716 dis

139 2740 250 2822 placet,
278 2744 372 2820 poeta
403 2737 500 2819 major
535 2737 750 2800 maximorum.
796 2736 894 2800 Nemo
926 2740 1008 2800 enirn
1040 2739 1107 2820 ejus
1135 2740 1254 2803 ordinis

141 2847 202 2889 non
227 2825 287 2888 sibi
311 2823 577 2907 praeclarissimus
601 2823 731 2886 videtur.
777 2823 867 2899 Nam,
885 2830 920 2887 ut
937 2825 1036 2888 facete
1053 2826 1165 2899 dicam,
1191 2847 1254 2889 non

140 2918 188 2975 est
215 2912 459 2975 illectamcntum
493 2914 548 2972 aut
577 2909 804 2972 suscitabulum
838 2911 998 2973 doctrinae
1031 2912 1255 2976 nitidiusculae

142 2999 297 3081 muginari
324 3020 377 3081 per·
400 2997 571 3059 invalitiern
601 2996 667 3058 sive
696 2996 846 3059 malitiam
877 2997 907 3058 in
934 2998 1137 3080 noctisurgio.
1183 2998 1253 3061 Non

141 3084 218 3148 facit
239 3105 350 3165 operae
374 3085 516 3166 pretium,
548 3084 600 3163 qui
623 3083 811 3144 seutentiam
841 3105 929 3146 suam
954 3084 1072 3148 talibus
1103 3085 1256 3149 allaniis‘l

146 3172 373 3236 statuminetur
402 3177 434 3233 et
457 3169 554 3232 lulcit.
600 3167 825 3249 Explodendus
850 3176 897 3232 est
931 3193 992 3233 non
1028 3172 1131 3234 minus
1161 3194 1256 3253 quam

142 3258 359 3334 barbasculus,
382 3256 526 3338 quisquis
548 3259 691 3316 auctores
715 3255 772 3318 hoc
789 3255 899 3319 scabro
924 3256 1027 3319 edolat
1046 3259 1200 3321 dolatorio
1224 3263 1256 3321 et

141 3343 326 3407 ostentandi
361 3364 456 3405 causa
489 3340 702 3403 hallucinatur
735 3346 766 3402 el
800 3342 1123 3424 grandiloquentiam,
1162 3366 1256 3426 quam

145 3434 274 3494 rniretur
297 3430 402 3511 potius
425 3428 550 3491 auditor
573 3449 665 3508 quam
691 3427 856 3508 intelligat,
887 3432 1089 3493 moramentis
1113 3431 1258 3512 frequen-

144 3517 232 3581 tariis
255 3516 394 3580 odiosam
420 3515 530 3577 reddit.
576 3513 710 3576 Putatur
732 3514 850 3597 aliquid
869 3538 945 3591 esse,
969 3517 1023 3598 qni
1040 3517 1124 3598 vulgi
1137 3517 1257 3598 judicio

145 3605 190 3666 sic
213 3604 340 3666 inflatur
356 3606 387 3664 et
402 3605 518 3681 turget.
564 3599 625 3662 Sed
643 3598 720 3661 nihil
737 3601 776 3663 ad
791 3623 895 3664 veram
913 3603 1134 3684 eloquentiam,
1152 3626 1259 3685 quem-

145 3690 312 3753 admodum
337 3687 414 3751 nihil
439 3687 478 3750 ad
504 3685 631 3767 probam
662 3686 878 3763 eruditionem,
916 3689 969 3769 qui
1001 3689 1030 3751 in
1052 3691 1121 3771 jure
1152 3695 1259 3753 nostro

144 3798 217 3840 cum
240 3775 371 3856 leguleis
394 3771 505 3837 Bald0⁷
538 3777 570 3835 et
592 3770 744 3836 Saliceto⁸
779 3773 862 3837 rabit
884 3779 917 3837 et
939 3774 1043 3838 latrat.
1089 3775 1147 3852 Qui
1176 3777 1259 3839 enim

214 4012 227 4039 ι
243 3996 319 4048 brerc
340 3995 410 4050 lons.
466 4001 478 4037 b
495 3996 566 4048 Terre.
585 3997 642 4062 fr'r'pt
661 4000 686 4047 ct
703 3995 754 4047 einr.
799 3996 967 4056 οκακοζηλιίιν
988 3994 1060 4045 Terra.
1113 3998 1126 4035 d
1142 3995 1261 4048 adauriis.

217 4081 358 4134 ¹Herbord
378 4098 427 4133 rou
447 4081 492 4133 der
509 4081 636 4135 Marthen.
662 4082 753 4133 dessen
774 4079 872 4131 Bruder
899 4079 1009 4131 Gerlach
1032 4080 1089 4131 cino
1117 4081 1263 4133 Schwestcr

148 4152 195 4203 des
204 4150 323 4217 Petrojus
358 4151 485 4203 eheiratet
503 4151 582 4216 hatte,
602 4151 679 4202 souin
695 4149 728 4201 Η.
738 4150 871 4201 Eborbaclr
891 4149 948 4199 eine
959 4148 1113 4200 Vernandte
1124 4149 1262 4201 llorbords.

146 4220 188 4272 Bu
200 4220 256 4272 210.
310 4167 474 4272 *hallensis
494 4223 518 4272 cl.
531 4221 580 4271 aar
599 4224 628 4271 A.
642 4220 664 4270 2.
719 4219 790 4270 ³Dus
808 4217 907 4270 ltrcris.
926 4217 1008 4269 llrcrc
1023 4219 1084 4269 odor·
1099 4218 1262 4270 Brevioriuur

148 4288 275 4356 (Brorier)
294 4288 329 4341 ist
347 4289 404 4340 eine
422 4289 500 4340 lurae
520 4286 791 4352 Zusarurncnstellung
809 4286 1032 4352 deckirclrliclreu
1056 4286 1132 4338 llitou
1152 4288 1204 4339 und
1217 4290 1262 4339 lll-

148 4357 232 4410 tizicu.
287 4357 411 4410 ‘Tilcuin
431 4374 485 4409 war
504 4375 553 4409 ron
572 4358 645 4409 llaus
663 4373 710 4408 aus
727 4356 816 4408 lurist.
852 4355 924 4407 Uber·
942 4355 1030 4407 sciuou
1048 4356 1127 4407 Struit
1145 4359 1193 4407 mrt
1212 4357 1262 4408 den

148 4425 264 4478 Edurter·
282 4425 457 4493 Philosopben
476 4426 517 4478 Br.
537 4428 663 4478 tat-ud.
717 4428 727 4455 ³³
746 4424 851 4487 llessus,
870 4423 969 4476 danrals
990 4424 1015 4475 iu
1035 4425 1171 4476 Franklurt
1189 4441 1212 4478 a.
1233 4426 1264 4477 t.

148 4494 173 4548 S.
185 4495 235 4547 292
254 4499 282 4549 Α.
296 4496 319 4546 :t
389 4497 400 4526 l
419 4496 446 4548 ln
469 4496 553 4546 semer
571 4493 871 4558 Batraclroruyornachic.
944 4495 951 4524 ²
971 4493 1068 4545 Baldus
1087 4494 1118 4545 do
1138 4493 1258 4560 obelus,

149 4563 247 4686 borgar.
265 4565 349 4686 Jpript
366 4565 412 4618 des
432 4566 469 4618 14.
488 4564 530 4619 Jlr.
603 4561 743 4616 ”Barthol
763 4563 825 4616 oder
837 4561 911 4615 ltich.
924 4561 1060 4630 SalicetuS,
1079 4562 1260 4617 italduristcu

160 4643 176 4686 “ι.
212 4648 241 4687 es
260 4634 299 4688 1.
335 4634 360 4689 h.
