2774 4966
127 624 189 690 100
507 612 594 674 Brieio
612 637 662 674 rou
682 614 859 676 1505-1508.

125 796 217 861 tonio
240 792 500 876 orthographiam
525 813 587 856 non
612 791 690 856 adeo
720 793 882 858 custodiit.
930 795 973 859 Ac
996 794 1121 860 videtur
1151 818 1258 864 eornm

126 883 216 963 sequi
250 882 357 963 potius
391 880 582 961 opinionem,
611 880 666 960 qui
696 880 824 961 perinde
861 880 1061 945 scribendum
1086 904 1123 946 ac
1146 883 1259 966 loqua-

128 991 197 1032 mur
213 969 406 1032 existiment.
448 966 578 1047 Legitur
594 967 703 1027 etiam:
729 970 850 1029 certum
867 968 942 1043 scio,
960 989 1055 1051 quum
1076 991 1134 1049 ego
1150 978 1257 1035 tamen

128 1054 310 1118 Ciceronem
337 1054 466 1116 imitans
490 1057 575 1114 certo
599 1052 743 1125 dicerem,
765 1054 878 1116 etacio
901 1054 947 1117 sic
970 1055 1121 1136 scriptum
1140 1078 1158 1118 a
1175 1055 1258 1138 Spa-

125 1142 236 1209 latino,
260 1139 321 1201 etsi
356 1145 486 1212 centiam,
516 1147 610 1208 certe,
638 1144 722 1199 certo
752 1140 850 1201 latina
878 1146 954 1202 sunt
986 1141 1144 1204 adverbia.
1191 1142 1260 1207 Pri-

127 1249 210 1292 mum
237 1230 343 1288 tuetur
366 1224 599 1298 lllanciuellus‚'
618 1223 760 1303 allegans
778 1223 945 1298 Valerium,
963 1248 1112 1307 magnum
1134 1233 1260 1293 testam.

126 1314 179 1376 sed
205 1311 350 1375 frivolum
378 1310 606 1384 testimonium,
637 1330 705 1372 cum
739 1332 827 1373 meus
850 1312 948 1373 codex
972 1314 1050 1375 satis
1074 1314 1261 1379 emendatus

126 1420 188 1479 non
214 1398 332 1461 habeat
355 1402 484 1460 certum.
532 1394 643 1457 Darem
668 1394 737 1470 tibi,
770 1397 931 1460 carissime
955 1399 996 1461 mi
1020 1397 1157 1472 Urbane,
1187 1399 1259 1465 Ser-

128 1506 252 1549 monem
277 1480 445 1546 Reuclrlin¹
470 1488 502 1545 et
525 1479 686 1544 Psalmum
712 1480 885 1563 Vuolphii‚⁸
907 1483 966 1546 nisi
990 1484 1149 1550 abessent.
1189 1485 1260 1551 Non

128 1572 231 1654 placet
267 1568 413 1633 comitem
450 1567 630 1630 Palatinum
660 1567 721 1629 dici
745 1567 940 1631 dictatorem.
987 1569 1039 1633 Vel
1064 1592 1190 1652 praeses
1212 1578 1261 1638 ost

128 1657 308 1739 provinciae
339 1657 376 1717 ut
407 1654 558 1732 magister
592 1653 733 1733 equitum
765 1660 822 1717 aut
853 1654 999 1731 militum,
1034 1656 1080 1720 vel
1111 1658 1261 1723 tribunus

127 1744 261 1806 celerum
286 1742 334 1804 rel
358 1740 481 1821 legatus
504 1739 703 1819 imperatoris
727 1740 774 1802 vel
798 1761 902 1804 comes
924 1741 1139 1822 largitionum.
1186 1744 1259 1808 Dic·

129 1836 212 1893 tator
227 1829 309 1891 enim
327 1848 484 1889 summum
498 1824 595 1888 habet
609 1826 783 1907 imperium.
821 1827 1034 1890 Ammianus·
1057 1829 1260 1896 Marcellinus

128 1916 274 1979 comitem
311 1913 514 1993 largitionum
550 1912 628 1973 dicit
661 1934 742 1982 eum,
771 1913 826 1992 qui
861 1920 1002 1994 praeerat
1036 1915 1261 1997 largitionibus

128 2001 347 2084 imperatoriis.
394 1998 542 2079 Vegetius
571 1997 669 2060 tradit
698 2000 868 2078 magistros
897 2001 1032 2063 militum
1065 2002 1260 2067 substitutos

122 2109 197 2161 ,esse
219 2088 252 2150 in
277 2086 380 2150 locum
405 2082 607 2165 legatorum‘
652 2082 783 2146 Praeses
799 2089 847 2148 est
863 2093 991 2149 auctore
1009 2086 1181 2168 Ulpiano,b
1205 2090 1260 2172 qui

127 2173 229 2255 majus
252 2173 283 2236 in
309 2172 496 2254 provincia⁰
520 2168 684 2251 imperium
709 2169 829 2232 babet.⁵
874 2170 1026 2252 Magister
1049 2175 1193 2254 equitnm
1214 2176 1259 2240 sic

125 2258 322 2342 jungebatur
345 2256 504 2331 dictatori,
528 2255 687 2335 quomodo
711 2256 840 2336 regibus
862 2258 1011 2320 tribunus
1034 2260 1179 2334 celerum,
1204 2263 1257 2342 qui

127 2345 298 2410 secundam
325 2350 395 2425 post
423 2342 608 2405 dictatorem
642 2341 830 2421 dignitatem
861 2343 1002 2424 gerebat.
1049 2345 1094 2408 Ad
1123 2367 1257 2427 quornm

128 2432 368 2496 similitudinem
394 2427 543 2511 praefecti
561 2429 717 2508 praetorio
734 2430 830 2492 creati
847 2436 935 2492 snut:
960 2431 1044 2511 quod
1062 2433 1147 2513 apud
1166 2433 1259 2496 Pom-

129 2519 257 2600 ponium
280 2518 313 2581 in
338 2516 468 2596 Origine
488 2514 568 2594 juris
591 2511 752 2593 eleganter
775 2517 982 2598 perscriptum
1004 2516 1171 2582 offendes!
1210 2519 1260 2582 Li-

130 2606 200 2668 buit
225 2603 314 2687 plnra
337 2623 400 2665 uno
426 2601 512 2663 velut
534 2598 618 2662 fasce
642 2599 817 2682 complecti.
866 2602 948 2665 Vale.

283 2703 344 2756 (lod.
365 2701 430 2755 Frnt
450 2703 490 2753 ii.

128 2839 244 2910 (notua.)
665 2822 716 2886 90.
1149 2840 1260 2911 (rama)

502 2932 647 3003 Mutiau
670 2953 718 3002 au
741 2931 879 3002 Urbau.

303 3045 417 3114 (Lotr'as’
441 3045 504 3098 (leia
517 3046 581 3098 ‘urrd
603 3045 826 3112 laeam-armen
843 3062 880 3098 aar
897 3044 969 3098 sarire
985 3043 1088 3111 Drino.)

162 3143 347 3194 Venerabili
365 3143 406 3193 Η.
425 3143 552 3194 Urbano
572 3146 688 3194 sanctia
705 3144 844 3194 moribus
861 3146 893 3194 et
911 3143 1108 3203 politioribus
1134 3142 1225 3194 disei-

305 3230 399 3290 plinis
418 3229 598 3290 cultissimo,
618 3232 716 3280 amico
734 3231 891 3290 primario,
910 3231 953 3279 Μ.
972 3229 1083 3279 Rufus.

231 3322 263 3388 S.
309 3324 368 3400 Qui
398 3347 488 3405 parco
519 3325 665 3399 seminat,
694 3347 785 3408 parce
810 3328 841 3386 et
865 3327 970 3386 metet.
1018 3322 1083 3386 Hoc
1113 3324 1258 3389 animad-

128 3415 253 3475 vertens
276 3411 368 3474 divus
385 3411 575 3474 Laurentius
591 3412 757 3475 thesauros
774 3410 924 3474 ecclesiae
946 3411 1034 3474 dedit
1057 3412 1259 3494 pauperibus.

128 3497 177 3561 Οαἱ
198 3497 380 3561 munificum
394 3496 548 3575 Lcritam,
565 3498 606 3561 0⁴¹
629 3497 884 3561 liberalissimum
902 3497 1143 3579 septemvirum!
1171 3498 1261 3562 Hunc

127 3583 283 3666 l'argilius
318 3584 470 3665 reciperet
504 3586 534 3646 iu
570 3606 699 3665 campos
732 3584 865 3665 Elysios,
903 3583 956 3645 nbi
991 3582 1139 3646 habitant
1176 3585 1262 3650 beati

130 3673 267 3751 „quique
283 3671 331 3733 sni
350 3692 501 3733 memores
524 3671 603 3733 alios
630 3670 728 3733 fecere
752 3667 945 3733 rnerendo.“⁷
992 3669 1156 3750 Augustus
1173 3671 1212 3733 de.
1227 3693 1261 3735 se

129 3758 196 3838 ipso
219 3757 362 3837 scripsit:
392 3756 599 3836 „Liberalitas
617 3779 684 3819 mea
702 3779 750 3818 me
766 3757 805 3818 ad
825 3756 944 3819 coelum
963 3753 1121 3818 erelret.“⁸
1158 3756 1262 3836 „lleus

128 3843 207 3917 est“,
231 3843 336 3925 inquit
360 3841 483 3906 Plinius
507 3852 623 3915 nostor,
651 3843 794 3924 „mortali
816 3842 927 3924 jurare
951 3842 1116 3905 mortalem
1133 3844 1260 3908 ethaeo

127 3930 165 3993 ad
190 3937 349 3993 aeternam
367 3928 498 4010 gloriam
518 3927 614 3991 ria.“⁹
661 3929 787 3992 Utinam
806 3929 917 3992 botius
934 3929 1078 4011 exemplo
1097 3928 1261 3993 laurentii

195 4099 358 4152 ⁸Amianu3.
430 4097 596 4164 bl'ulpiauo.
667 4096 831 4164 ⁰provintia.
903 4099 917 4137 1¹
932 4117 958 4150 ω.

197 4173 309 4221 ¹Anton
331 4166 479 4220 limicinelli
499 4169 528 4232 (†
547 4186 568 4218 a.
592 4166 677 4232 1505).
703 4167 800 4218 lelrrnr
817 4167 863 4217 dm
880 4163 1041 4217 Hurnaniorn
1060 4164 1085 4215 iri
1106 4163 1170 4216 Rour
1191 4181 1214 4217 u.
1236 4180 1260 4219 a.

127 4239 165 4291 0..
184 4239 289 4291 srlrricb
308 4237 372 4303 l‘lpp.
392 4237 563 4301 grammatica
585 4233 648 4287 1481
669 4237 721 4287 und
741 4236 876 4287 sarriente.
932 4237 941 4266 ²
962 4232 1103 4285 lienclrlius
1122 4232 1194 4286 Reda
1214 4250 1261 4287 ror

128 4307 206 4360 l'alrst
231 4305 502 4360 transpenetrare
527 4307 575 4356 dou
604 4304 762 4375 Plnlagrasrn
785 4304 888 4370 l'lrilipp
910 4304 980 4356 raia.
1016 4306 1075 4355 l'crr.
1098 4302 1171 4355 1498.
1205 4303 1260 4371 t'gl.

127 4377 146 4426 a
157 4379 230 4443 eigo
238 4394 257 4429 r.
278 4375 404 4427 llcrrclrlin
424 4375 449 4425 S.
468 4376 509 4426 aa.
532 4377 579 4425 152
598 4376 614 4427 l.
653 4366 722 4425 [fiber
741 4375 788 4425 den
809 4373 947 4424 (ramirus
968 4372 1094 4423 lteurlrliu
1109 4373 1160 4438 rgl.
1180 4371 1207 4425 S.
1226 4375 1261 4427 df>

128 4450 156 4498 A.
180 4449 199 4500 l.
272 4448 282 4476 ³
303 4444 380 4497 ll'olrl
405 4443 446 4495 die
473 4449 551 4510 itusg.
577 4443 715 4510 Spadatius.
753 4443 803 4494 llor
822 4442 878 4494 Pa:
903 4443 962 4509 ipris
982 4441 1110 4493 habitabit
1129 4445 1154 4492 iu
1173 4442 1260 4495 taber-

127 4516 220 4568 uucnlo
243 4521 288 4567 tuo
316 4514 435 4566 ersclrien
463 4513 574 4566 Strassb.
607 4514 678 4563 lz'rttt
715 4512 883 4564 Schmidt.
907 4511 973 4563 llist.
993 4509 1058 4562 liter.
1079 4510 1112 4563 ll.
1132 4510 1190 4563 397.
1241 4567 1244 4571 ,

162 4585 223 4649 ⁴11,
242 4586 265 4638 il.
337 4582 421 4649 bIlig.
442 4581 461 4642 Ι,
484 4584 521 4636 18.
541 4585 564 4636 4.
636 4581 803 4649 ⁰llig.l.·.'.
826 4583 863 4634 lr'r.
885 4582 923 4632 19.
996 4580 1099 4647 ‘Verg
1124 4583 1188 4633 Aen.
1216 4576 1262 4647 ll,

126 4654 183 4707 dot.
255 4653 354 4708 ⁸Suet.
373 4655 438 4720 Aug.
460 4652 499 4703 il.
571 4649 667 4705 ⁹Hist.
687 4655 738 4704 unt.
758 4649 793 4717 ΙΙ,
813 4651 836 4716 i,
857 4650 895 4701 18.
