2774 4966
570 721 674 774 blutiaa
692 737 726 774 au
744 720 837 776 Jonas.
1205 720 1268 787 603

139 993 255 1062 (oona.)
664 976 736 1041 536.
1044 989 1079 1057 (n.
1098 989 1152 1042 nu
1173 989 1271 1058 1515.)ι

521 1101 666 1172 Mutian
689 1122 737 1171 an
760 1102 888 1172 Jonas.

141 1233 233 1298 (Dante
249 1231 297 1298 [ἄν
314 1231 358 1284 cin
379 1231 503 1283 Genrdlde
519 1231 563 1283 des
580 1231 671 1291 donna,
689 1232 738 1284 dae
755 1248 806 1284 ron
822 1232 933 1284 nacltcn
954 1230 1054 1283 Ganaba
1077 1227 1202 1296 rrrnpcbcn
1225 1227 1269 1283 ret.

140 1301 201 1353 read
225 1300 332 1353 Exim
354 1299 417 1352 iiber
439 1299 482 1352 die
503 1299 678 1352 reconcedere
702 1299 872 1367 Duratellnop
892 1299 939 1351 ‹tcr
956 1297 1124 1351 rtrrstlr'ctwn
1148 1295 1270 1362 Heilr'qen

141 1370 198 1421 trad
208 1370 254 1421 der
264 1368 433 1422 heidnr'acticu
454 1368 548 1421 Gdttcr.
578 1367 780 1437 anestellunpen
791 1385 827 1422 nro
836 1369 883 1421 der
890 1367 1043 1436 Zciolrnunp
1052 1365 1137 1418 drcr‘cr
1152 1364 1271 1426 (lenm.)

198 1483 299 1534 Jonee
316 1482 409 1534 Juato
427 1494 498 1532 cum
517 1483 627 1543 primia
645 1482 784 1543 eleganti
803 1485 834 1532 et
852 1481 968 1532 diserto
986 1480 1093 1541 Ulyaat
1109 1478 1212 1540 pulpi-

364 1569 455 1626 tarto,
473 1567 529 1618 aed
548 1571 579 1618 et
598 1568 682 1619 claro
700 1568 815 1629 pictori
833 1580 889 1618 auo
907 1564 1049 1619 Mutina.¹

245 1678 347 1742 Salve.
396 1678 496 1742 Grata
527 1683 576 1742 est
607 1678 717 1743 tabula
740 1683 772 1742 et
795 1699 909 1759 magno
932 1679 963 1742 in
988 1676 1107 1740 bonore
1137 1674 1273 1738 babetur

142 1768 207 1827 tam
242 1764 412 1828 delicatum
451 1765 661 1846 gymnasium.
708 1764 858 1827 Lusitant
894 1764 969 1826 nudi
1004 1761 1137 1843 pueruli,
1172 1760 1272 1823 divini

143 1847 291 1932 encolpi,⁸
306 1850 498 1931 spectabiles
514 1848 712 1913 ecunculae.⁴
744 1848 814 1912 Non
833 1856 908 1912 sunt
924 1837 1100 1932 ἀκροθίνια
1115 1847 1271 1928 amneio,

143 1955 205 1997 non
241 1941 350 2015 turpes
386 1936 554 2012 cinaeduli,
586 1936 641 1998 sed
671 1935 740 2017 puri
772 1936 840 2018 poti
864 1957 901 1998 ac
923 1935 1076 1998 coelestes
1099 1933 1193 2013 genii.
1240 1930 1274 1995 Si

143 2021 214 2100 quis
236 2010 275 2081 cd
300 2019 416 2101 δῶρον,
440 2027 505 2085 tam
530 2021 613 2084 bella
635 2027 769 2102 spectra,
794 2026 857 2083 tam
882 2042 995 2083 suaves
1018 2019 1181 2083 oculorum
1205 2016 1273 2080 ille·

144 2104 254 2168 cebras
277 2105 427 2169 donasset
449 2107 523 2170 olim
548 2107 628 2170 divis
651 2106 842 2170 Caesaribus
864 2105 949 2169 Julio
966 2104 1125 2180 dictatori,
1141 2102 1274 2166 Octavio

145 2191 300 2272 Auguste,
325 2191 456 2269 Nervae,
478 2190 613 2275 Trajano
637 2192 685 2256 vel
709 2191 891 2271 cognomini
921 2213 992 2255 meo
1022 2191 1141 2268 Quinto
1171 2187 1273 2252 Mutio

143 2277 192 2340 vel
225 2278 436 2359 undecunque
470 2277 655 2342 doctissimo
678 2277 718 2340 M.
745 2276 887 2353 Varroni,
923 2277 1064 2359 protecto
1095 2296 1158 2339 non
1182 2274 1275 2339 indo-

145 2369 239 2426 natus
262 2363 403 2426 abiisset.
451 2362 651 2428 Dedicabant
672 2371 794 2426 veteres
817 2361 971 2444 ejusmodi
993 2361 1120 2426 tabulas
1135 2364 1168 2424 et
1184 2360 1276 2442 signa

143 2449 175 2511 in
209 2448 463 2513 cubiculobari
498 2447 656 2514 familiari.
714 2448 862 2512 Videmus
897 2450 929 2513 in
964 2447 1091 2530 templis
1125 2444 1274 2528 pulchras

143 2538 268 2598 statuas
302 2535 471 2618 utriusque
503 2557 599 2598 sexus
622 2539 654 2599 et
676 2535 779 2597 omnis
813 2535 929 2599 aetatis
952 2540 984 2598 et
1006 2533 1110 2597 omnis
1144 2531 1274 2596 ordinis.

145 2621 205 2684 Hic
228 2624 294 2683 stat
318 2619 471 2685 barbatus
494 2619 644 2685 Nicolaus
668 2641 739 2682 cum
763 2620 906 2701 speciosa
929 2618 1069 2683 Barbara
1087 2617 1276 2700 juvencula3

145 2706 211 2769 illic
244 2706 367 2769 visendi
400 2712 556 2788 apparent
588 2728 665 2787 puer
698 2704 811 2769 Vitbus
834 2710 866 2769 et
888 2704 1046 2770 Martinus
1080 2725 1187 2786 eques,
1221 2702 1275 2766 sed

145 2791 260 2854 babitu
284 2791 392 2854 velati.
437 2791 589 2855 Nicolaus
612 2791 779 2856 sacrificali
810 2792 922 2855 trabea
955 2791 1101 2866 amictus,
1136 2788 1277 2852 Barbara

146 2876 279 2957 puellari
302 2875 420 2941 mundo
440 2876 556 2941 obruta
573 2878 675 2960 magis
690 2899 784 2959 quam
804 2881 898 2953 tecta,
914 2877 1029 2940 Vittms
1045 2879 1277 2958 praetextatus,

146 2962 303 3025 Martinus
338 2962 568 3044 chlamydatus
598 2963 653 3027 alii
680 2963 752 3027 aliis
775 2962 988 3026 velaminibus
1022 2960 1174 3025 investiti.
1219 2957 1278 3024 Se-

145 3048 312 3111 bastianus
345 3048 449 3112 nudus
471 3054 530 3125 est,
558 3049 613 3113 sed
636 3048 765 3112 histrico
798 3049 966 3130 epiousion
999 3046 1149 3110 Erasmus
1182 3045 1277 3109 semi-

145 3134 261 3212 nudus,
296 3134 350 3197 sed
381 3133 523 3198 cruciatu
559 3135 712 3198 viscerum
746 3135 882 3198 saucius.
941 3133 1036 3198 Solus
1071 3153 1147 3214 puer
1184 3131 1278 3195 nobis

146 3223 242 3283 natus
265 3218 305 3282 ad
330 3218 410 3283 bene
433 3220 559 3283 vivendi
584 3220 735 3302 regulam,
758 3219 819 3282 soli
841 3219 927 3299 genii
950 3220 1025 3282 alati
1050 3217 1222 3282 cuticulam
1246 3221 1279 3280 et

146 3309 258 3386 aperta
295 3326 353 3368 sua
390 3305 482 3385 signa
520 3306 754 3386 spectatoribus
791 3306 976 3369 ostendunt.
1034 3303 1167 3368 Volebat
1201 3300 1277 3367 olim
1380 3360 1383 3366 .

146 3391 280 3472 Priapus
297 3392 329 3453 in
346 3389 459 3454 bortis
472 3391 576 3454 nudus
599 3391 746 3472 spectari.
788 3395 891 3471 Atque
907 3413 976 3454 eam
994 3391 1154 3454 licentiam
1170 3392 1280 3452 tuetur

32 3508 40 3523 ·
146 3476 297 3556 gravibus
331 3475 538 3557 argumentis
570 3499 641 3541 cum
671 3483 702 3540 et
731 3477 828 3540 ceteri
851 3477 894 3539 dii
918 3499 976 3540 sua
999 3475 1139 3554 insignia
1175 3473 1277 3555 palam

147 3566 355 3624 ostentarent.
402 3561 464 3625 Sed
497 3561 560 3625 alia
591 3561 775 3644 est'Priapi
811 3561 952 3634 lascivia,
986 3561 1049 3624 alia
1084 3559 1278 3641 Ganymedis

147 3646 392 3710 administratio.
437 3645 553 3728 Priapo
587 3650 682 3711 datur
714 3646 798 3710 horti
826 3648 983 3725 custodia,
1016 3647 1147 3710 formosi
1183 3643 1279 3728 puelli

148 3752 271 3793 summo
305 3731 377 3795 Jovi
413 3731 566 3813 coeloque
604 3732 819 3796 subserviunt.
876 3732 924 3795 Ab
959 3731 1096 3795 ethnicis
1129 3730 1226 3812 genii,
1259 3751 1279 3793 a

148 3814 306 3896 theologis
329 3816 444 3896 angeli,
469 3840 488 3879 a
513 3818 615 3898 poetis
638 3818 698 3880 sub
722 3815 916 3897 Ganymedis
939 3817 1048 3880 tabula
1079 3815 1279 3880 celebrantur

148 3900 323 3983 Corydonis
357 3902 496 3966 deliciae.
546 3903 637 3967 Vitiis
670 3902 818 3966 laborant
852 3904 995 3978 diversis
1019 3925 1059 3965 ne
1082 3902 1192 3971 credas
1221 3899 1279 3965 ab·

148 3987 368 4050 solutissimae.
413 3986 524 4051 Nam·
557 3989 685 4052 sinister
716 3992 765 4051 est
795 4008 897 4068 aequo
932 3987 1150 4062 membrosior‚
1184 3986 1279 4051 sicuti

148 4073 210 4135 tere
227 4076 304 4134 sunt
320 4072 420 4135 nani.⁵
467 4073 584 4137 Dexter
607 4073 742 4156 pedibus
759 4078 807 4136 est
823 4073 1058 4153 grandiusculis
1074 4079 1106 4136 ct
1120 4072 1280 4136 auribusb

149 4157 290 4220 flaccidis
307 4179 343 4219 ac
359 4159 640 4241 propendentibus.
684 4158 863 4240 Superuum
889 4159 1093 4240 pumilionem
1110 4158 1280 4222 dedecorat

148 4339 352 4349 ...ἢῆ-η

216 4457 229 4484 ¹
244 4443 286 4496 Na
300 4484 305 4495 .
320 4485 345 4497 ..
382 4443 436 4496 Aac
453 4444 546 4498 Randc
563 4444 721 4511 obperr'sacn.
784 4449 846 4498 bau
860 4488 866 4499 .
879 4485 904 4497 ..
941 4444 995 4496 Am
1012 4443 1105 4497 chde
1122 4442 1280 4511 adportasse.

199 4578 203 4587 Ι
219 4513 226 4542 ¹
245 4511 355 4564 Schcint
372 4528 420 4566 aus
439 4513 485 4565 der
502 4516 587 4566 craten
607 4513 663 4567 Zeit
680 4514 727 4567 der
749 4513 957 4567 Bckaontmhatt
978 4512 1028 4565 mit
1050 4513 1139 4578 Jonas,
1161 4511 1212 4564 wie
1233 4510 1282 4564 der

149 4571 1312 4719 *ecrandaeaenaeamaarumns..

183 4716 325 4785 bZworyc.
