2774 4966
382 681 505 750 Petrejus
524 697 557 735 uu
576 682 690 735 blutian.
728 683 833 735 Mutian
853 698 886 736 uu
906 683 991 751 Lang.
1190 683 1254 746 613

126 875 251 917 summa
272 851 450 916 felicitate?
494 852 618 917 Retulit
634 853 713 916 mihi
731 851 943 916 Romanensis
965 852 1094 933 quidam
1118 850 1259 928 tabellio,

125 940 176 1002 cui
198 938 368 1020 plurimum
400 937 518 1014 tribuo,
552 939 689 1001 Leonem
725 936 909 1021 pontificem
944 937 1055 1000 inter·
1090 937 1261 1002 familiares

124 1024 254 1098 dixisse,
277 1044 340 1087 non
364 1045 397 1086 se
420 1024 622 1087 existimasse
652 1045 763 1087 omues
799 1022 976 1086 Germanos
1009 1026 1136 1085 tanturn
1171 1023 1260 1098 scire,

125 1115 281 1190 quantum
316 1129 400 1171 unus
435 1108 516 1171 sciat
551 1107 705 1189 Capnion.
760 1107 847 1183 Quae
880 1128 943 1170 vox
976 1109 1106 1172 tametsi
1138 1108 1260 1188 patriae

126 1198 254 1257 nostrae
291 1193 455 1275 despectui
493 1215 561 1256 esse
598 1193 708 1271 forteb
745 1193 857 1275 possit,
892 1192 933 1257 ab
965 1194 1115 1257 omuibus
1150 1201 1258 1256 tamen

129 1278 258 1342 ferenda
274 1278 496 1358 laudandaque
512 1284 571 1353 est,
588 1300 661 1342 cum
677 1277 723 1341 illi
738 1278 861 1341 homini
885 1278 1014 1342 virtutis
1038 1278 1259 1342 testimonium

127 1363 287 1446 praebeat,
319 1364 374 1444 qui
405 1363 557 1443 quicquid
581 1367 630 1427 est
652 1365 736 1444 apud
761 1363 903 1439 Latinos,
936 1361 1083 1439 Graecos,
1118 1363 1258 1427 Judaeos

128 1449 283 1513 reconditi
307 1448 374 1512 suis
391 1448 529 1511 humeris
551 1449 584 1510 in
608 1454 752 1511 nostrum
777 1447 883 1511 orbem
909 1448 1048 1512 advexit.
1087 1448 1165 1512 Mihi
1181 1471 1258 1512 sane

128 1534 188 1597 hoc
221 1534 398 1611 doctissimi
432 1535 586 1615 principis
620 1533 717 1613 (hano
752 1533 837 1596 enim
871 1533 996 1596 laudem
1035 1556 1127 1597 nemo
1161 1533 1260 1598 Leoni

128 1620 251 1682 demere
275 1616 392 1699 potest)
416 1619 553 1698 elogium
578 1619 709 1681 mirifice
739 1618 844 1698 placet
874 1641 977 1699 neque
1008 1619 1067 1682 tibi
1095 1619 1261 1700 displicere

129 1704 321 1767 crediderim.
368 1702 450 1779 Quid
473 1702 668 1785 Hogostrato
691 1704 929 1766 ominabimur‘?
966 1703 1140 1784 Laqueum.
1178 1704 1260 1780 Quid

127 1788 286 1870 Tnngaro,
309 1788 528 1869 Pepericorno,
551 1788 712 1853 Ortuino'?
757 1787 913 1862 Cicutam,
937 1789 1102 1862 numellaS,
1120 1789 1260 1852 exilium.

128 1870 194 1938 Nos
217 1879 353 1937 autem⁰
375 1871 576 1955 Capniophili
601 1894 671 1937 oum
696 1879 805 1937 nostro
829 1874 948 1936 victore
970 1875 1176 1954 gaudeamus,
1200 1875 1262 1938 diis

131 1959 365 2023 immortalibus
399 1963 545 2040 (quorum
571 1960 700 2022 numine
723 1959 769 2021 ita
791 1959 909 2036 evenit)
939 1960 1059 2039 gratias
1091 1967 1262 2042 perpetuas

129 2049 270 2125 agentes.
317 2043 403 2120 Vale,
431 2044 475 2107 mi
501 2043 653 2114 Mutiane,
686 2049 869 2127 praeceptor
892 2048 925 2106 et
948 2049 1078 2125 patrone
1110 2049 1141 2108 et
1174 2050 1263 2126 pater

131 2135 162 2193 et
184 2131 284 2193 amice
309 2128 498 2192 dulcissime.
544 2128 627 2192 Ante
649 2127 712 2191 llll.
738 2128 804 2192 Cal.
829 2128 1002 2192 Februarii.

864 2213 950 2278 Tuus
974 2215 1158 2296 Petrejus.⁰¹

231 2314 386 2382 Aumgraph
414 2313 441 2366 in
467 2313 529 2368 Coll.
557 2314 658 2398 Qamer.
680 2310 780 2369 Monac.
807 2313 882 2381 XVI,
909 2315 951 2368 59.
987 2314 1121 2368 Absohn'ft
1147 2314 1174 2367 in
1201 2314 1261 2370 Cod.

283 2381 360 2435 Goth.
379 2385 411 2435 A.
430 2382 481 2436 399
500 2381 528 2436 F.
547 2382 597 2437 205
608 2383 632 2438 b.
871 2390 875 2401 ’

121 2503 246 2635 leoena.)
659 2553 731 2618 547.
1083 2568 1152 2638 (ens.
1174 2569 1261 2637 1517.)

519 2678 663 2750 Mutian
686 2699 734 2749 an
758 2680 876 2767 Lang.

129 2803 232 2870 (Urter‘l
247 2805 310 2857 iiber
326 2806 370 2859 cin
394 2806 469 2862 Wert·
485 2806 739 2930 dalsjfflhekOoelrtrers
752 2807 932 2943 mactmus,
951 2807 1000 2861 dua
1020 2806 1095 2874 lanu
1113 2823 1165 2859 uus
1176 2805 1264 2859 rainer

572 2892 598 2930 ao
672 2894 700 2930 m
720 2893 785 2945 year
872 2917 877 2928 .
1064 2897 1068 2903 ·

224 2986 409 3038 Reverendo
426 2989 511 3049 patri
529 2988 704 3050 Jo.1.ango
722 2988 868 3049 theologo
884 2987 1069 3048 praestanti,
1086 2986 1183 3047 priori

498 3073 625 3134 opums,
643 3074 743 3125 arnico
760 3072 897 3124 selecto)

230 3170 436 3262 ‘Yyrar'varr.⁰
495 3182 579 3261 Heri,
619 3189 656 3246 ut
693 3188 863 3266 comparet,
904 3183 1043 3246 exarasti
1080 3182 1187 3245 literas
1224 3182 1263 3245 de

132 3267 297 3331 stomacho
322 3289 463 3350 nasoque
486 3267 739 3346 Pharisaeorum,
765 3269 819 3351 qui
845 3273 881 3333 ut
903 3268 1050 3331 familiari
1074 3267 1185 3331 habitu
1203 3267 1264 3330 tibi

133 3356 323 3433 congruunt,
349 3354 395 3415 ita
418 3355 449 3415 in
474 3353 653 3436 disciplinis
675 3362 791 3418 temere
815 3353 902 3417 nullo
934 3354 1089 3436 probabili
1128 3352 1262 3416 consilio

132 3436 339 3517 refragantur.
386 3438 456 3501 Non
492 3461 565 3520 eges
599 3442 711 3521 opinor
744 3440 803 3502 hac
834 3441 865 3502 in
899 3444 987 3521 parte
1022 3439 1262 3511 medicamento,

132 3543 202 3583 eum
237 3523 281 3585 sis
312 3523 343 3590 iu
375 3525 508 3604 antiqua
542 3525 719 3588 eruditione
755 3526 802 3588 vel
837 3523 1047 3606 politissimus
1076 3531 1109 3586 ct
1137 3525 1170 3587 in
1202 3523 1262 3586 hac

132 3605 331 3670 balbutiente
366 3607 531 3672 literatura
564 3631 626 3673 non
659 3611 706 3672 vir
741 3611 795 3672 imi
829 3609 1003 3673 subselliis
1039 3607 1261 3690 Navigandum

133 3695 181 3753 est
206 3713 260 3770 pro
291 3698 457 3756 ventorum
488 3695 575 3757 flatu.
622 3694 682 3769 Qui
716 3699 887 3775 utrumque
922 3698 1081 3777 praestare
1116 3702 1261 3776 possunt,

133 3781 170 3837 ut
192 3776 230 3839 de
254 3775 411 3842 thesauris
434 3779 501 3842 suis
525 3784 631 3843 vetera
655 3784 686 3843 et
711 3802 792 3843 nova
808 3780 1006 3862 depromant,
1024 3778 1068 3850 illi
1085 3778 1262 3842 mehercule

133 3860 292 3924 difficilem
316 3864 421 3927 adiere
445 3865 638 3946 provinciam
656 3869 688 3928 et
704 3865 801 3928 videri
819 3865 924 3929 solent
940 3865 1030 3944 lynce
1046 3865 1148 3945 magis
1171 3864 1259 3926 varii.

134 3946 328 4009 Admiranda
352 3950 479 4029 quidem
512 3950 590 4013 haec
620 3950 753 4013 audacia
776 3951 808 4012 in
832 3950 994 4014 Ludovico
1028 3947 1125 4027 Celio,
1158 3971 1262 4030 gram·

133 4033 250 4095 matico
285 4032 411 4097 literato
445 4041 477 4098 et
510 4035 542 4096 in
574 4039 712 4099 veterum
749 4035 884 4099 lectione
917 4034 1113 4098 authoritate
1147 4030 1262 4115 gravi.²

133 4116 163 4178 Ie
186 4138 204 4177 a
229 4117 423 4198 professione
446 4120 617 4192 Ciceronis
641 4121 778 4198 Homeri,
801 4119 893 4196 Livii,
910 4120 1015 4198 Plinii,
1032 4125 1206 4184 ceterorum
1222 4117 1262 4181 ad

118 4200 330 4265 *Platonicam
372 4203 523 4268 haeresim
559 4206 741 4269 transiliens
775 4205 1011 4270 Platonicorum
1044 4205 1192 4269 flosculos
1229 4204 1262 4266 in

136 4328 223 4336 .-.—
233 4332 305 4338 ...-

202 4398 215 4425 ⁵
230 4385 298 4437 intra
316 4386 412 4452 Apopr.
483 4390 575 4440 bforte
593 4404 651 4440 esse
669 4389 766 4456 Apopr.
838 4403 927 4440 cvero
945 4387 1041 4455 ilpopr.
1112 4386 1261 4453 dl‘etrejus

133 4453 320 4519 Aperbapchus
338 4461 400 4507 tuus
419 4455 515 4523 Apopr.
585 4472 597 4500 ο
616 4455 729 4519 melor.

204 4521 212 4551 ¹
230 4524 345 4574 Auusere
364 4523 484 4575 ndresse.
539 4526 549 4555 ²
565 4523 594 4576 L.
614 4523 718 4577 Coelius
735 4523 906 4590 Rhodipinus,
926 4523 979 4576 ital.
997 4520 1271 4588 Humanisttlbffl,

133 4586 238 4640 schrieb
256 4589 329 4642 Libn'
347 4590 429 4642 XXX
449 4591 615 4660 antiquarum
635 4592 785 4645 lectionum.
812 4593 883 4645 Veu,
899 4593 981 4644 istu.
1005 4589 1122 4640 hubae
1129 4590 1218 4636 mass
1232 4585 1290 4630 osa

132 4654 213 4708 Wcrk
233 4656 261 4712 ll
286 4659 352 4712 1516
370 4674 419 4712 aus
436 4658 524 4730 lange
541 4659 698 4716 Bibliotbelr
715 4659 866 4714 eutl'iehen.
897 4660 933 4714 S.
946 4659 1006 4712 tm
1025 4658 1060 4706 a.
1071 4655 1107 4703 b.
