2774 4966
553 595 662 651 'blutiau
680 611 714 648 an
734 595 834 650 Urban.
1206 599 1267 662 199

147 774 248 847 (ems)
655 763 726 828 151.
1095 779 1262 850 (1510-11.)

507 887 653 958 Mutian
674 909 723 958 an
745 888 899 959 Urban.¹

154 1012 226 1083 lllldpe
241 1017 300 1070 uber
315 1017 359 1069 die
368 1016 644 1085 Riulsiehtslosiqleir
656 1017 794 1071 Herberds,
813 1017 858 1068 der
876 1017 931 1081 nris
937 1015 995 1068 eirze
1008 1017 1126 1084 Anfrupe
1139 1017 1262 1071 illudebas

315 1083 380 1137 dher
396 1085 446 1137 den
462 1084 609 1138 bessisolreu
629 1085 819 1138 Rechtslroudcl
834 1084 908 1136 rrr'rbt
926 1089 1081 1150 oratu-ortem

508 1198 550 1250 Η.
568 1199 697 1250 Urbano
715 1200 760 1251 Μ.
772 1198 889 1250 Rufus.

239 1304 267 1369 S.
311 1305 514 1371 Herebordus
537 1329 556 1370 a
578 1329 628 1370 me
652 1308 817 1372 consultus
841 1310 878 1370 de
900 1309 956 1371 lite
985 1309 1132 1389 quadam,
1164 1331 1260 1390 quam

159 1386 247 1454 affines
270 1391 347 1454 mihi
378 1392 560 1469 intendunt,
602 1394 688 1457 nullo
717 1416 765 1456 me
797 1415 950 1475 responso
987 1394 1146 1474 dignatur.
1193 1394 1259 1475 Ego

159 1493 292 1556 nunquam
315 1476 427 1540 erubui
457 1478 668 1542 familiaribus
698 1480 825 1560 seriptis
856 1480 1027 1542 amicorum
1061 1480 1260 1560 prudentiam

159 1561 293 1653 consulere
324 1583 426 1644 neque
456 1565 503 1626 ita
530 1585 599 1627 sum
630 1566 689 1627 mei
718 1569 851 1640 amator,
887 1568 923 1627 ut
955 1564 1128 1646 praeferam
1159 1587 1260 1628 meum

158 1648 325 1729 sure,quod
349 1653 398 1711 est
421 1650 581 1730 exiguum,
611 1650 742 1712 aliorum
777 1651 948 1712 doctrinae.
995 1650 1076 1713 Novi
1100 1650 1263 1712 abundare

159 1747 214 1791 eum
233 1730 376 1797 librorum
399 1733 641 1816 suppellectile‚²
665 1735 826 1798 studuisse
843 1735 1020 1814 diligenter,
1046 1736 1145 1798 multa
1161 1758 1262 1797 anno-

160 1815 234 1877 tasse.
272 1818 363 1894 Novi,
387 1820 472 1899 quod
496 1819 637 1901 plerique
661 1820 691 1882 iu
709 1822 814 1884 causis
838 1823 971 1902 propriis
996 1823 1175 1902 ignaviores
1198 1822 1263 1884 sint

161 1899 302 1981 etpavidi.
348 1902 469 1978 Cicero,
500 1909 624 1968 tantum
655 1906 760 1968 lumen
792 1906 896 1969 omnis
927 1908 1115 1987 sapientiae,
1149 1929 1218 1969 curn
1243 1931 1262 1968 a

161 1978 256 2050 Clodiis
276 1991 307 2052 in
321 1988 453 2070 judiciis
468 1995 645 2068 vocaretur,
662 1992 818 2072 expalluit
834 1998 865 2054 et
882 1991 1054 2055 familiares
1071 1994 1262 2074 ignotosque

160 2071 316 2150 suppliciter
344 2079 378 2137 et
401 2074 617 2156 plorabundus
649 2077 738 2138 adiit.
784 2076 896 2159 ltaque
927 2099 990 2140 non
1020 2079 1088 2140 sine
1116 2077 1261 2158 exemplo

159 2156 285 2224 modestia
307 2181 379 2223 mea
401 2160 552 2224 submisit
574 2184 607 2224 se
631 2162 764 2225 consilio
784 2162 911 2243 juvenis
928 2163 1072 2240 studiosi,
1097 2185 1195 2242 aquo
1214 2185 1262 2225 me

161 2244 290 2310 contemni
328 2245 475 2310 arbitror.
534 2246 727 2309 Contemnat
763 2249 921 2311 inscitiam
960 2256 1056 2329 atque
1095 2249 1261 2311 infantiam

161 2328 287 2408 nostram3
315 2330 410 2394 fidem
439 2336 472 2395 et
499 2333 714 2395 constantiam
743 2333 775 2395 in
804 2335 945 2396 amicitia
972 2334 1042 2414 jure
1074 2356 1136 2397 non
1168 2334 1263 2395 defiet

162 2426 240 2503 nuque
260 2421 365 2499 potest
387 2438 545 2481 accusare.
592 2417 704 2480 Amavi
728 2440 863 2499 amoque
886 2425 922 2481 ut
938 2419 1076 2481 doetunr.
1125 2420 1171 2481 rln
1197 2420 1262 2499 ipse

162 2492 221 2559 mhi
239 2503 358 2584 tibique
382 2503 546 2585 profuerit,
569 2510 659 2566 tuum
684 2508 753 2567 esto
774 2504 938 2585 judicium.
986 2505 1058 2568 Vale
1082 2511 1114 2566 et
1135 2527 1207 2567 ama
1230 2509 1261 2567 te

161 2589 289 2652 ananum
312 2587 504 2664 Matianum,
527 2589 581 2669 qui
599 2610 684 2651 nunc
706 2593 798 2671 optat
814 2591 883 2669 tibi,
901 2591 1019 2653 honore
1036 2598 1067 2653 et
1083 2590 1261 2653 eruditione

160 2663 263 2740 l⁰lleuti
286 2675 365 2751 viro,
389 2674 488 2738 vitam
511 2675 737 2755 longiturnam.

285 2773 347 2828 eod.
365 2772 434 2827 Frcf,
452 2771 494 2827 85.

158 2943 247 3027 (aas)
653 2944 723 3007 152.
1095 2957 1260 3024 (roro-11.)

509 3068 654 3140 Mutian
677 3089 726 3138 an
749 3067 886 3138 Urbun.

155 3183 223 3248 {flunt
236 3196 283 3262 fiir
298 3197 342 3249 die
370 3195 579 3263 Unterstie'taunp
601 3197 645 3248 des
664 3195 861 3262 pemeiusummr
887 3195 1021 3247 f'rerrndrs
1046 3196 1102 3247 read
1123 3194 1262 3247 Bedarrern

154 3254 199 3311 fler
210 3264 249 3318 die
265 3264 448 3334 Sparsamlm'l
465 3264 566 3332 εἰπέμεν
587 3264 673 3316 (leber.
711 3265 769 3316 nus
789 3264 894 3332 Manpel
911 3282 949 3316 arr
970 3264 1034 3316 Gelu
1050 3264 1124 3315 bielef
1143 3281 1171 3315 er
1188 3262 1262 3314 ser'no

608 3332 788 3400 Bb'rqarlrnft.)

175 3440 239 3495 lton
256 3445 409 3496 incelebri
425 3446 575 3506 magistro
592 3445 633 3495 Η.
652 3445 789 3503 Urbano,
809 3445 930 3506 praedii
947 3445 1060 3494 urbani
1078 3445 1261 3494 cistarcien-

341 3531 421 3581 aium
439 3530 524 3590 apud
541 3530 753 3591 Erphurdiem
771 3532 896 3588 rectori,
915 3531 958 3579 Μ.
977 3528 1090 3579 Rufus.

229 3641 262 3705 S.
308 3642 399 3717 Quod
424 3642 646 3705 inscribendo
671 3644 802 3706 formam
820 3642 973 3705 novitatis
997 3663 1060 3703 non
1079 3646 1262 3721 contempta

142 3727 270 3804 gravium
293 3731 460 3791 auctorum
483 3728 593 3808 regula
620 3729 675 3790 sed
698 3729 738 3790 ad
762 3736 888 3809 tempus
919 3727 1063 3807 deposita
1094 3733 1157 3788 tam
1182 3726 1262 3787 seito

140 3812 337 3894 amplecteris,
361 3812 532 3895 plurimum
556 3835 605 3876 me
628 3813 774 3877 delectat.
813 3813 892 3875 Nam
917 3819 1049 3893 uterque
1073 3812 1166 3876 stilus
1188 3816 1262 3892 apte

139 3901 286 3962 tractatus
308 3898 421 3962 habita
443 3900 566 3963 ratione
589 3921 793 3980 personarum
818 3905 849 3961 te
873 3899 972 3973 decet,
1006 3899 1065 3961 hoc
1087 3903 1136 3961 est
1160 3896 1260 3958 virum

136 4003 191 4048 non
213 3985 319 4066 magis
341 3984 470 4065 ingenio
493 3991 525 4048 et
542 3984 687 4048 doctrina
710 4007 805 4066 quam
827 3985 1048 4065 procuratione
1071 4004 1173 4046 rerum
1190 4003 1261 4044 coe·

197 4172 204 4202 ¹
222 4170 266 4224 Da
282 4171 328 4223 der
345 4170 455 4223 Proaoss
475 4169 592 4222 blutiaus
611 4171 659 4222 nrit
677 4172 727 4222 den
745 4171 815 4221 hess.
831 4171 1004 4221 l'orn'undten
1024 4169 1077 4236 (ΒΓ.
1092 4170 1132 4220 31.
1150 4167 1192 4235 tu)
1212 4168 1262 4219 soit

129 4239 192 4293 1505
210 4239 269 4292 sich
288 4238 357 4292 viole
372 4239 453 4292 Jahro
473 4239 603 4291 hindureh
624 4240 750 4294 lrinaiolrt.
770 4256 799 4291 so
819 4239 853 4290 ist
872 4240 914 4290 dio
933 4239 989 4290 Zoit
1008 4239 1053 4289 des
1068 4236 1168 4289 Briofes
1188 4236 1262 4287 nieht

142 4323 210 4361 urmu
220 4324 256 4360 zu
264 4307 431 4361 bestimmen.
444 4306 562 4360 Harbord
573 4308 675 4359 soheint
689 4309 713 4358 in
726 4307 907 4375 (ieorgenthal.
924 4305 1153 4359 ll'uhraohoinlielr
1169 4305 1262 4372 gehon

127 4323 171 4430 der
187 4375 233 4429 Br.
252 4374 281 4428 in
293 4376 409 4430 diuselba
428 4375 485 4429 Zeit
504 4376 552 4428 wie
566 4376 610 4428 Nu.
626 4377 680 4433 148,
701 4378 822 4448 wor'naelr
835 4376 911 4428 ltalia
923 4377 990 4427 narb
1008 4376 1107 4426 llesson
1126 4372 1262 4439 goselrirtt

126 4444 216 4498 wurdu
235 4443 335 4513 (Noun).
364 4445 414 4497 Die
434 4444 515 4511 Kluge
534 4445 599 4496 iiber
618 4445 751 4495 llerbords
769 4445 922 4509 Sehsroigon
943 4445 1044 4494 stirnrnt
1063 4441 1209 4508 gleielrfalls
1229 4457 1261 4492 au

123 4511 174 4637 iil
186 4514 284 4636 bibl&
304 4513 361 4565 147.
432 4513 518 4565 'Van
545 4512 677 4565 llorbonls
702 4513 805 4564 reielrer
828 4513 978 4565 Bibliotlrok
1000 4511 1101 4579 spriolrt
1124 4510 1191 4562 uuoli
1219 4509 1260 4561 ltr.

259 4596 315 4635 uss,
