2774 4966
150 586 215 657 530
569 585 655 642 Briele
672 583 719 642 des
737 582 762 644 J.
783 587 857 643 1515.

153 766 330 845 suspectos.
392 761 504 842 ltaque
542 782 621 825 vove
657 759 828 823 Mercurio'
875 761 1025 842 pinguem
1063 755 1216 835 bostiam,
1253 761 1292 823 nt

152 850 293 931 quaerat.
339 845 375 911 Si
397 847 565 919 inveneris,
588 847 734 927 gaudebo
759 850 790 909 et
812 845 872 907 diis
894 844 1068 925 fumigabo.
1107 846 1152 908 De
1176 845 1290 908 vineto

155 934 262 998 nescio
285 932 379 1015 plane
402 931 478 1012 quid
503 933 662 995 definiam.
708 931 758 993 Dii
795 930 928 1011 perdant
957 933 1138 1013 improbum
1168 929 1291 993 Kinde-

154 1015 356 1100 pontanum.²
402 1017 484 1092 Quid
517 1017 585 1080 vult
616 1019 676 1079 iste
711 1015 989 1097 philosophaster?
1032 1016 1117 1078 Num
1151 1036 1289 1079 mercem

153 1104 235 1252 litii
265 1104 333 1166 sine
361 1102 487 1183 pretio?
532 1100 565 1165 Si
598 1103 734 1184 pretium
767 1122 829 1164 nou
862 1099 968 1177 habet,
993 1122 1048 1164 cur
1069 1101 1169 1164 emit?
1214 1097 1290 1163 Tito

187 1185 269 1252 ario⁸
302 1188 379 1269 quid
409 1187 568 1250 scribam?
612 1186 655 1250 Te
679 1187 789 1249 audiat
819 1192 1064 1267 procuratorem.
1109 1185 1289 1250 Rediit-ne‘

155 1270 348 1338 Vnolscus?⁴
392 1273 524 1336 Eobano
548 1293 610 1335 non
628 1272 737 1335 desum
755 1292 857 1352 neque
875 1271 978 1333 deero.
1023 1271 1213 1352 Ingeniosus
1228 1283 1288 1346 est,

155 1359 212 1423 aad
234 1357 358 1422 Cordus
380 1359 545 1421 versutior.
591 1357 790 1420 Hartmauuo
813 1356 859 1418 sic
882 1355 1122 1432 commendabo,
1140 1360 1178 1420 ut
1194 1376 1287 1420 nemo

155 1444 268 1508 melius
297 1443 399 1524 possit
428 1448 554 1525 poetam
587 1442 828 1505 disertissimum
859 1439 1103 1504 commendare.⁸
1155 1440 1286 1505 Utinam

155 1528 291 1592 liberet
314 1550 414 1608 vagus
438 1533 532 1605 esset,
556 1531 591 1590 ut
618 1534 713 1590 antea
737 1526 806 1589 luit.
852 1525 970 1607 Jugum
988 1531 1020 1589 et
1035 1526 1286 1590 dominationem

155 1614 256 1678 soceri
279 1619 311 1677 et
334 1635 432 1677 nurrrs
461 1613 522 1676 fert
544 1617 581 1674 ut
603 1613 658 1694 qui
689 1609 991 1692 impatientissima‘
1035 1611 1061 1676 Ο
1093 1633 1153 1675 nos
1179 1611 1288 1675 felices

156 1699 304 1763 clericos!
350 1698 431 1774 Quid
455 1698 537 1761 enim
563 1696 661 1760 libero
683 1696 800 1760 lectulo
822 1696 971 1759 dulcius?
1016 1696 1099 1760 Vale.
1145 1697 1286 1780 Raptim.

156 1785 214 1849 Die
238 1786 267 1864 l)
287 1789 361 1866 post
383 1783 514 1847 Laetare
539 1776 743 1845 Hierusalem.
789 1781 914 1844 MDXV.

311 1883 373 1938 (hd.
392 1883 457 1937 her.
479 1881 538 1936 462.

156 2069 271 2138 (sothe.)
684 2053 757 2116 466.
1040 2068 1078 2120 rc.
1098 2066 1169 2120 herz
1188 2066 1286 2136 (1515).

529 2178 675 2249 Mutian
697 2198 745 2247 an
770 2176 909 2248 Urban.

157 2308 227 2376 (Acts
245 2308 345 2361 Anares
364 2308 408 2360 des
426 2307 671 2375 Magdalenentuges
689 2306 747 2358 eine
764 2305 941 2372 Betraeblrmp
952 2305 1016 2358 tiber
1027 2305 1070 2358 dac
1083 2304 1288 2370 sameas.)

183 2422 336 2484 Magistro
353 2422 481 2473 Urbano
498 2422 605 2481 Ulyssi
623 2418 803 2480 cucullat0‚⁷
816 2423 995 2471 sanctuum
1013 2418 1258 2480 Georglvallium

187 2507 339 2567 epitrope,
356 2519 485 2557 romana
503 2505 646 2557 doctrina
665 2510 696 2556 et
714 2506 894 2557 urbanitate
912 2505 1054 2564 praedito
1067 2503 1122 2569 (Μ.
1133 2502 1258 2570 Rufus).

259 2618 392 2682 Domine
426 2617 531 2682 fautor
560 2617 686 2683 Urbane
708 2619 786 2682 mihi
809 2617 1016 2682 amicissime!
1062 2614 1097 2681 Si
1123 2617 1219 2686 vales.
1242 2616 1288 2680 sic

161 2701 260 2767 habet
279 2705 328 2768 uti
353 2703 434 2767 volo.
480 2704 611 2780 Quoties
627 2706 769 2768 divorum
787 2710 890 2769 statue
906 2703 1096 2767 cerimoniae
1111 2706 1288 2777 recurrunt,

158 2788 197 2851 lit
218 2810 237 2851 a
259 2811 308 2851 me
331 2791 587 2853 commemoratio
611 2791 705 2870 prisci
732 2791 811 2853 aevi.
858 2791 918 2852 Pro
948 2786 1074 2853 Baccho
1104 2788 1287 2864 Martinum,

158 2894 215 2955 pro
246 2873 348 2937 Marte
382 2874 562 2956 Georgium,
597 2896 653 2956 pro
688 2873 770 2937 Caco
795 2874 985 2957 Polyphemo
1014 2872 1288 2956 christophorum,

160 2980 215 3040 pro
238 2959 356 3022 Venere
379 2959 527 3040 Magnam
552 2960 670 3024 Lanam
694 2961 842 3042 suspicio
866 2960 957 3041 cujus
973 2959 1066 3023 hodie
1082 2959 1288 3022 lest-ivissimo

159 3044 258 3108 natali
289 3045 445 3108 laetamur
468 3051 500 3108 et
522 3047 635 3109 merito
665 3047 859 3128 gaudemus:
894 3067 965 3108 cum
996 3045 1043 3109 vel
1075 3045 1289 3126 spurcissimis

160 3131 426 3212 nequissimisque
461 3131 654 3194 mulierculis
688 3136 796 3213 pateat
829 3131 939 3193 veniae
974 3131 1061 3193 locus
1092 3136 1133 3207 et,
1161 3131 1188 3193 si
1217 3134 1289 3192 acta

159 3218 357 3297 poenitentia
401 3216 651 3279 sordidissimam
698 3215 904 3279 exhauserint
936 3216 1188 3298 siccaverintque
1218 3237 1291 3278 seu·

158 3303 258 3364 tinam
283 3301 437 3378 lihidinis,
454 3303 484 3365 iu
503 3302 646 3364 divarum
663 3323 789 3383 quoque
806 3307 929 3364 coetum
954 3323 1113 3365 aseensus.
1157 3299 1287 3364 Nullum

158 3388 256 3469 igitur
292 3393 429 3450 scortum
465 3387 618 3468 desperet.
672 3388 831 3470 Propitius
861 3393 893 3450 et
924 3387 1061 3450 clemens
1095 3390 1144 3449 est
1177 3387 1290 3449 mundi

158 3478 270 3536 rector.
330 3472 486 3553 Dignatur
524 3495 581 3535 sua
619 3473 721 3553 gratia
765 3473 931 3554 utriusque
969 3495 1064 3534 sexus
1102 3472 1220 3535 animal
1257 3478 1290 3534 et

160 3557 319 3621 Christum
356 3558 442 3621 illins
476 3580 549 3639 ergo
582 3558 701 3640 legavit
725 3559 755 3620 in
780 3566 889 3634 terras,
913 3564 949 3621 ut
972 3559 1075 3621 bonius
1109 3562 1217 3638 pastor
1248 3558 1289 3620 ad

161 3665 258 3707 unum
295 3644 377 3707 ovile
413 3643 645 3706 misericordiae
679 3649 805 3725 cogeret
838 3645 1018 3706 universum
1056 3664 1191 3723 gregem.
1236 3641 1291 3705 ln·

160 3734 312 3793 tueantur
335 3729 468 3812 puellae,
492 3730 641 3810 virgines,
665 3730 797 3808 solutae,
816 3729 1015 3810 conjugatae,
1031 3728 1176 3806 devotae,
1200 3728 1290 3791 deni-

158 3883 363 3894 ——...--

228 3980 242 4008 ⁸
255 3965 402 4020 Rediens.

232 4035 239 4067 ¹
257 4033 361 4088 Urbana
380 4034 485 4101 Dieucr,
504 4032 563 4085 hier
579 4033 729 4086 schorzhult
747 4032 868 4101 augleich
887 4032 949 4086 Gott
965 4031 1078 4086 Merkur.
1107 4031 1132 4085 S.
1146 4032 1195 4086 507
1215 4035 1246 4085 A.
1266 4031 1290 4087 2.

197 4102 252 4157 ²8.
271 4102 318 4156 521
340 4107 371 4156 A.
390 4103 414 4157 2.
469 4104 479 4135 ⁸
498 4101 649 4170 Bishcriger
666 4101 813 4155 Bewohner
831 4117 882 4154 rou
900 4101 1017 4154 Mutians
1034 4101 1131 4154 Hause.
1168 4099 1212 4153 Br.
1230 4101 1291 4153 449.

194 4170 333 4225 ‘Voltzke
356 4171 482 4240 rerrsists
499 4170 628 4223 zuwoileu
647 4171 673 4221 iu
692 4171 765 4223 seina
783 4169 890 4222 Heimat
908 4169 1066 4238 Havolberg.
1102 4169 1127 4223 S.
1146 4170 1197 4222 376
1216 4171 1247 4221 A.
1267 4171 1292 4222 3.

194 4239 265 4292 ⁶Br.
284 4240 344 4293 468.
414 4242 426 4274 ⁸
446 4230 517 4293 Uber
534 4239 638 4292 Frobaus
655 4241 710 4292 und
729 4238 836 4292 Cordus*
863 4237 1000 4290 htuslichs
1023 4239 1077 4292 Not
1094 4236 1146 4305 rgl.
1166 4235 1212 4291 Br.
1230 4239 1292 4290 448.

159 4307 248 4362 Euhan
275 4309 348 4362 hatte
366 4325 400 4362 uu
418 4309 464 4361 der
481 4308 599 4360 Erfurter
622 4306 721 4361 Schule
745 4308 811 4360 noch
838 4307 930 4358 keineu
958 4307 1108 4360 besoldetsn
1137 4304 1292 4359 Lehrstuhl.

159 4374 263 4431 Mutiau
290 4381 372 4430 setzte
391 4377 442 4430 alle
461 4375 544 4428 Hebel
563 4376 605 4427 bei
622 4376 712 4428 seiuen
732 4375 877 4439 Freunden,
904 4375 1066 4428 numentlich
1094 4373 1136 4426 bei
1163 4372 1293 4429 llerbord.

159 4445 227 4498 doch
251 4446 413 4499 sinstweileu
432 4445 501 4497 ohne
519 4443 613 4511 Erlolg,
640 4444 727 4496 hieliir
743 4446 770 4496 in
788 4443 939 4512 Berregung
957 4445 1010 4497 und
1028 4443 1122 4496 suchte
1140 4441 1197 4494 ihm
1216 4457 1295 4509 sogar

157 4513 200 4566 ein
229 4514 434 4568 Untcrlrommen
454 4514 490 4565 im
510 4512 618 4564 Dienste
643 4512 803 4565 llnrtmanns
826 4527 876 4563 von
896 4511 979 4565 Fulda
998 4528 1029 4565 zu
1048 4511 1222 4565 verschaffeu.

186 4584 197 4616 ⁷
217 4584 272 4653 l'gl,
292 4585 336 4642 ΒΓ.
357 4587 389 4640 31
410 4585 471 4642 Ans.
