2774 4966
554 583 658 637 blutian
676 600 710 637 an
729 585 828 640 Urban.
1206 590 1247 653 39

132 757 245 826 (notha.)
659 756 710 820 32.
1073 756 1152 825 (Sut-
1172 759 1256 826 1505.)

495 892 638 964 Mutian
662 913 710 962 an
733 891 886 962 Urban.¹

187 1039 259 1106 (Part
277 1039 308 1092 in
330 1040 422 1093 Gotho.
460 1039 558 1092 Beatam
576 1038 621 1091 cler
639 1037 763 1105 Ersurter
780 1039 837 1090 888888
856 1038 1002 1090 lietbertus.
1040 1037 1131 1090 88888888
1148 1039 1196 1090 des

592 1123 793 1193 Wuppenbuotr.)

458 1256 594 1306 Henrico
613 1256 740 1306 Urbano
759 1257 802 1306 Μ.
821 1254 931 1306 Rufus.

233 1376 265 1439 68
291 1375 386 1449 vales,
410 1375 508 1439 valeo.
547 1375 636 1451 Quod
654 1374 791 1439 Gothum
816 1381 941 1459 propter
963 1374 1115 1458 pestilens
1132 1375 1253 1438 coelum

134 1462 254 1542 refugis,
279 1484 341 1525 non
366 1461 517 1543 improbo.
555 1463 726 1526 Grassatur
749 1463 831 1526 enim
861 1463 954 1543 vulgo
972 1461 1039 1523 dira
1058 1460 1134 1524 lues.
1182 1460 1255 1524 Tre·

135 1548 217 1630 pidet
239 1549 343 1611 omnis
365 1548 464 1624 ordo,'
484 1570 588 1624 sexus,
623 1555 720 1611 aetas,
776 1550 864 1624 Quod
895 1554 1000 1611 autem
1030 1547 1108 1610 nihil
1132 1547 1255 1624 scribis,

136 1657 206 1697 sane
230 1656 293 1697 non
315 1634 423 1716 probo.
460 1634 570 1697 Nullae
584 1635 649 1697 sint
663 1646 676 1674 ⁸⁸
693 1636 917 1716 occupationes
931 1637 945 1674 ¹³
960 1639 1034 1697 tuae
1046 1640 1111 1697 tam
1125 1634 1253 1709 multae,

135 1726 191 1783 tam
216 1722 343 1797 arduae,
367 1741 448 1802 quae
471 1720 530 1783 tibi
553 1721 661 1783 stilum
685 1723 859 1784 excutiant.
907 1721 985 1783 Nam
1009 1720 1144 1802 epistola
1167 1725 1222 1784 tua
1242 1733 1253 1760 ‘³

134 1808 282 1887 quaedam
317 1814 366 1870 est
398 1807 514 1870 amoris
546 1807 738 1870 testificatio.
793 1807 944 1883 Quamvis
979 1813 1085 1869 autem
1122 1805 1200 1869 fides
1224 1810 1256 1870 et

133 1892 349 1957 benevolentia
381 1899 489 1955 nostra
513 1901 622 1956 mutua
645 1895 837 1957 testimoniis
862 1915 923 1956 non
948 1898 997 1954 est
1013 1892 1254 1975 praefulcienda,

133 1980 282 2044 stabilis‘¹
297 1983 400 2043 estat
387 1979 556 2055 trobusta
580 1980 679 2043 lrteus
697 1988 801 2043 tamen
820 2003 910 2060 quasi
904 1979 1104 2042 decoranda
1120 1977 1252 2042 videtur

134 2065 226 2129 Erant
248 2066 333 2149 apud
357 2087 406 2128 me
430 2066 521 2129 multi
496 2031 836 2215 tKrplrurdieusium
867 2089 946 2148 qnos
968 2088 1078 2128 omnes
1098 2071 1168 2183 ²tam
1193 2066 1255 2148 spi-

133 2153 217 2216 randi
248 2152 393 2229 dulcedo,
425 2174 518 2234 quarn
549 2153 701 2216 inttesina
729 2153 833 2216 clades
862 2154 955 2216 domo
979 2153 1093 2232 exegit
1098 2148 1255 2215 ²Trite-

130 2241 209 2302 mius
233 2236 355 2302 abbas³
378 2260 469 2301 ame
495 2239 633 2302 liberalit
619 2244 666 2302 ter
689 2245 801 2322 except
805 2262 841 2302 us
866 2240 986 2337 profect
988 2261 1025 2300 ns
1049 2243 1096 2300 est
1084 2237 1157 2300 tad
1181 2238 1255 2302 ,808-

130 2325 265 2389 abimum
301 2324 504 2388 demarchum
543 2324 826 2406 Brandeburgium
865 2326 1037 2408 principem
1078 2325 1252 2388 electorem.

130 2411 342 2494 Conqueritur
365 2411 509 2474 coenobii
537 2412 628 2475 villas
652 2411 692 2474 ab
717 2413 885 2475 Hessorum
910 2413 1037 2475 incursu
1062 2410 1253 2475 devastatas.

132 2498 237 2563 Sentit
259 2520 332 2561 cum
356 2497 502 2561 Palatino
525 2505 621 2579 atque
638 2499 707 2561 ideo
732 2499 847 2561 dicitur
871 2521 937 2561 esse
964 2498 1255 2561 excommunicatus

131 2592 162 2649 et
184 2586 225 2650 ab
249 2585 360 2648 ordine
383 2605 440 2648 suo
464 2584 545 2648 male
568 2585 704 2649 habitus.
750 2585 816 2648 Hoc
833 2585 908 2648 mibi
926 2586 1065 2648 narravit
1082 2583 1252 2648 Maternus,

128 2672 220 2736 blitto
255 2671 391 2753 priscum
421 2691 499 2753 opus
528 2671 565 2734 de
589 2671 752 2754 gemmis*
798 2671 879 2754 Lege
903 2694 972 2734 curn
997 2670 1114 2733 abbate
1137 2675 1254 2747 nostru,

126 2781 219 2842 quem
250 2763 430 2821 reverenter
459 2758 566 2839 diligo.
621 2759 780 2840 agnoscet
811 2782 849 2821 ex
878 2780 913 2820 eo
937 2759 1048 2821 mitrae
1070 2779 1146 2821 suae
1168 2779 1254 2839 gem·

126 2867 204 2910 mas.
262 2844 356 2907 Mitto
392 2844 485 2907 etiam
520 2844 606 2907 Petri
643 2845 836 2908 Ravennatis
859 2843 1056 2921 Sermones⁵,
1089 2864 1168 2926 quos
1191 2845 1255 2908 dux

126 2932 265 3015 inclytus
300 2930 467 2994 Federicus
500 2931 677 2994 transmisit
707 2953 777 2994 cum
812 2932 1048 3013 elegantissima
1081 2953 1173 3014 quarn
1198 2953 1255 2995 suo

126 3024 268 3102 tempore
303 3018 425 3081 videbis
459 3016 609 3100 epistola3
644 3039 724 3100 quae
757 3017 868 3081 referta
905 3024 953 3081 est
981 3029 1148 3081 8888888888Θ
1172 3018 1255 3081 illius

125 3105 339 3169 humanitatis
361 3109 394 3166 et
420 3104 580 3186 praecipui
609 3126 683 3184 erga
712 3127 761 3167 me
792 3105 916 3168 amoris.
970 3104 1137 3169 Sermones
1165 3104 1256 3168 dabis

194 3357 209 3384 ³³
223 3346 286 3394 suut
307 3343 408 3394 Cerrrer.
446 3343 667 3408 buccupaciones.
705 3347 777 3394 crue
794 3342 855 3407 [88888
874 3342 915 3394 bei
934 3343 1033 3394 (8888888.
1071 3342 1253 3411 versutisque

128 3413 234 3466 Carnem
271 3411 404 3462 eunium.

198 3513 274 3566 ¹blit
298 3513 400 3580 einigcn
426 3513 597 3579 Audurungou
622 3515 687 3565 auch
715 3515 739 3564 in
760 3514 901 3565 8888888888·ἰί
920 3514 1009 3566 libell.
1030 3532 1088 3565 88888.
1107 3531 1163 3581 epp.
1185 3515 1254 3581 88888.

127 3587 202 3636 8568
224 3583 255 3634 Κ.
275 3584 291 3633 5
312 3585 334 3633 88.
407 3584 415 3614 ⁸
436 3582 490 3633 l'on
507 3583 605 3634 diesem
617 3587 738 3650 Auszugo
752 3583 797 3633 der
809 3583 925 3634 litturter
937 3584 1035 3635 lehrer·
1049 3584 1100 3634 und
1111 3583 1254 3635 Studenten

124 3651 359 3706 Ausfiihrlicheros
385 3650 411 3701 iu
435 3652 534 3703 rneiner
557 3651 712 3719 Biogruplrio
737 3652 783 3703 des
810 3651 838 3702 E.
863 3652 962 3704 llossus
990 3653 1007 3706 1.
1033 3653 1141 3705 26-388,
1177 3653 1255 3705 Peter·

125 3721 265 3774 Eberbach
293 3721 347 3772 und
376 3719 492 3772 Herbord
520 3737 569 3772 von
596 3722 642 3772 der
668 3721 787 3772 8888888888
814 3721 905 3772 kainon
932 3723 978 3773 nul
999 3721 1084 3774 dieser
1103 3721 1197 3773 lluelrt
1216 3722 1255 3775 bis

125 3791 194 3843 uaclr
220 3789 375 3857 Strassburg
398 3789 524 3856 [Spalatin
548 3805 580 3841 au
606 3789 663 3842 8888.
688 3790 778 3841 llum
780 3789 820 3841 ius
844 3792 884 3843 25.
911 3791 979 3842 ,littra
1011 3791 1085 3843 1512,
1129 3791 1254 3843 Woinrar.

126 3858 318 3913 staatsarehiv.
350 3859 373 3906 8
375 3857 407 3926 gl
422 3858 544 3910 aucerr.
564 3861 632 3926 588888.
687 3860 846 3911 ’,88888888888888
859 3859 992 3911 ’8888888888
1015 3861 1065 3911 ,8888
1078 3861 1123 3911 des
1137 3860 1254 3912 Klostors

125 3929 273 3996 Sranheim
298 3929 499 3993 (reeta-1505)
525 3928 640 3979 daun«
618 3945 643 3977 8·
642 3946 667 3980 n
686 3933 721 3980 88
740 3928 867 3979 8888888888
891 3929 1036 3995 8888888888
1055 3929 1254 3995 885886-85868

127 4000 208 4050 roiate
228 3997 376 4049 vcrtneben
395 3996 476 4048 durch
495 3997 536 4047 8888·
550 3997 670 4048 88888888
647 4004 739 4063 888888
742 4015 756 4047 88
768 3998 813 4048 888
825 3997 966 4049 8888888888
971 3999 1017 4049 888888
1021 3950 1130 4049 8888888888
1147 3997 1225 4065 Kriou¹
1220 4015 1256 4050 ·888

129 4068 166 4119 im
185 4067 230 4134 bo
231 4073 257 4119 88
280 4067 345 4118 15885
364 4082 424 4117 zum
443 4065 524 4116 Kurl
520 4076 599 4117 usten
617 4066 736 4118 tear-him
757 4083 807 4118 von
827 4067 926 4118 88888
896 4067 1019 4131 8888888888,
1059 4073 1105 4118 ,8888
1128 4070 1165 4118 ll.
1185 4070 1217 4120 88
1221 4075 1254 4133 p

127 4138 181 4189 tras
197 4153 227 4188 er·
244 4136 272 4187 in
290 4134 378 4186 Berlin
397 4135 446 4186 eiu.
483 4134 559 4186 Scine
578 4135 692 4186 Einkeln
710 4151 743 4187 au
745 4135 984 4202 filorultr'iclrucge
980 4136 1072 4188 ·llail
1062 4138 1255 4189 tlfilttcrtutlmt

128 4205 172 4258 Br.
190 4210 232 4258 688.
270 4203 490 4270 Silbernagol
508 4204 531 4255 8.
551 4203 683 4255 8888888888.
706 4205 900 4258 revelaremus.
937 4206 1155 4272 Sclrnenavns
1173 4206 1196 4257 8
1216 4205 1254 4257 88·.

130 4274 247 4328 Kreuzn
271 4272 345 4325 1662
434 4272 518 4340 *tgr
538 4272 580 4324 888.
601 4277 640 4325 21.
728 4273 803 4324 ’8’8·8
793 4282 833 4325 888·
859 4292 881 4324 8·.
907 4275 1038 4326 8888888888
1066 4275 1118 4327 ital
1146 4275 1255 4326 88888-888

128 4344 225 4403 lebret
252 4343 319 4394 1498
344 4358 378 4394 an
397 4341 443 4394 der
463 4342 800 4395 88888888888888888888888
822 4344 914 4395 88888888
909 4361 933 4394 888
957 4344 1019 4394 88
990 4345 1125 4411 8888888888,
1144 4343 1210 4395 Korn
1229 4361 1253 4396 u

130 4428 155 4465 a
173 4414 203 4465 0.
243 4412 322 4465 aeine
339 4410 412 4463 Libri
430 4426 587 4465 sermonum
606 4430 670 4478 8888888
689 4412 760 4463 lestis
780 4412 871 4463 diebus
890 4413 1050 4464 av'udirnibus
1069 4414 1123 4465 suis
1142 4429 1255 4479 888-(8888888

128 4480 207 4534 davit
233 4480 410 4534 assidentibus
436 4481 589 4550 quandoque
616 4481 743 4533 8888888888
768 4482 879 4534 elect-¹011
904 4487 930 4534 ct
920 4483 1069 4534 8.88888888885
1092 4483 1110 4533 88
1111 4487 1169 4534 ·atro
1195 4483 1253 4534 88·.88(

129 4549 191 4605 Su,
210 4565 295 4604 seran.
314 4549 365 4617 gab
384 4548 515 4602 Hor-runnu
534 4550 624 4602 Trebel
644 4551 738 4603 88888888·
760 4551 824 4602 88888
802 4553 926 4604 8885885,
965 4551 1071 4603 888888
1021 4552 1102 4617 tter,
1123 4554 1176 4603 ,tus
1194 4551 1254 4604 ‹lorn

130 4619 225 4673 8888888-
243 4636 271 4672 u.
289 4618 450 4674 Get-leben
467 4619 504 4671 im
526 4620 649 4673 Zeitalter·
667 4621 690 4674 88.
710 4620 765 4675 88888.
786 4620 835 4674 8188.
858 4622 972 4688 18888888,
992 4623 1135 4677 ato-:rue
