2774 4966
498 44 505 65 5

418 39 1379 221 -

114 560 178 624 524
536 562 623 615 Β95959
642 562 688 616 des
707 563 732 617 J
752 563 824 618 1515

117 755 207 796 suurn
233 754 301 796 esse
327 754 389 797 non
413 733 513 796 solum
539 754 691 815 papame
676 732 906 812 950·999999.99,
937 735 1116 798 sedetiam
1141 756 1250 819 regern

118 819 284 882 Persarum
309 822 340 881 95
363 818 478 882 abbam
504 817 692 881 Fuldanum
737 819 823 882 Idem
847 819 969 882 5559959
992 825 1100 883 noster
1129 818 1252 884 5999599

118 909 264 967 senatum
289 904 384 966 istum
410 904 593 985 interpellat
615 905 653 967 de
675 925 772 967 usura
788 905 837 967 sui
855 904 1002 967 foenoris.
1048 903 1252 968 Praeferatnr

118 991 239 1065 ceteris,
257 989 285 1051 si
300 1010 441 1071 unquam
466 987 599 1052 habebit
585 994 637 1051 tur
653 990 684 1051 in
701 989 908 1070 persolvendo
931 1011 1001 1052 9999
1024 990 1128 1052 alieno
1145 989 1250 1054 bonae

118 1073 191 1138 tidei
223 1074 313 1137 ratio.
360 1073 427 1156 Ego
457 1074 536 1137 nihil
569 1095 626 1156 pro
655 1096 705 1136 me
734 1080 818 1156 pete,
848 1078 975 1137 tantum
999 1080 1085 1155 opto,
1109 1079 1145 1138 95
1168 1075 1251 1138 5999

119 1160 224 1222 995999
247 1163 279 1221 95
301 1157 535 1241 Thrasybulum
569 1159 702 1222 imiteris
731 1161 763 1222 in
786 1159 964 1223 reducenda
993 1166 1025 1222 et
1055 1158 1251 1226 stabiliendo

119 1265 205 1327 pace.
251 1243 467 1325 Thrasybulus
500 1244 583 1306 enim
608 1265 678 1308 cum
702 1245 799 1308 959559
800 1244 1130 1308 tem'hthenieusium
1160 1245 1251 1309 XXX

118 1334 325 1410 tyrannorum
356 1330 490 1392 saevitia
524 1328 698 1403 liberasset,
738 1330 938 1410 plebiscitum
973 1330 1175 1413 interposuit,
1211 1351 1251 1392 ne

120 1437 183 1496 999
223 1415 461 1496 praeteritarum
501 1436 602 1477 rerum
643 1416 762 1477 mentio
800 1416 898 1478 tieret.
961 1415 1051 1478 Hauc
1087 1414 1249 1498 publicam

119 1501 255 1572 veniam,
290 1499 372 1561 hano
405 1499 559 1563 malorum
594 1499 786 1563 oblivionem
822 1487 1000 1583 ‹iprvport'uv
1032 1503 1157 1563 vocant.
1205 1499 1251 1562 De

120 1606 183 1666 qua
205 1584 245 1647 M
271 1583 394 1647 Tullius
423 1585 469 1647 ita
500 1583 655 1665 loquitur:
688 1585 740 1664 „ln
770 1605 833 1666 quo
863 1548 991 1665 templo,
1026 1589 1181 1666 quantum
1217 1585 1249 1648 59

120 1692 170 1733 me
204 1669 316 1743 5955,
305 1671 367 1750 Jeoi
399 1669 605 1732 fundamenta
639 1671 726 1752 pacis
761 1669 1066 1751 Atheniensiumque
1100 1670 1251 1734 renovavi

121 1761 212 1818 vetus
246 1753 436 1835 exemplum.
482 1752 636 1816 Graecum
672 1756 767 1817 etiam
802 1755 933 1817 verbum
967 1756 1128 1835 usurpavi,
1163 1754 1249 1836 quod

123 1845 189 1904 lum
224 1841 255 1901 in
291 1840 441 1902 sedendis
474 1839 641 1902 discordiis
676 1845 884 1920 usurpaverat
916 1841 1031 1903 civitas
1064 1840 1119 1903 5559
1152 1845 1251 1921 utque

121 1947 247 1989 omnem
272 1926 453 1987 memoriam
477 1924 704 1986 discordiarum
729 1925 890 1988 obliuione
920 1926 1114 2004 sempiterna
1143 1922 1252 1988 delen·

119 2010 191 2075 dam
213 2031 330 2073 censui.
313 2008 366 2040 “¹
414 2009 506 2091 Apud
529 2007 758 2072 Herodianum²
783 2011 953 2107 imperator
975 2009 1172 2074 Maximinus
1191 2009 1252 2074 hoc

120 2096 214 2160 modo
247 2095 384 2159 disserit:
423 2094 552 2174 „Neque
582 2116 654 2157 vero
678 2095 882 2242 suspicemini
917 2117 1019 2158 rerum
1053 2095 1251 2176 superiorum

122 2182 303 2279 memoriam
333 2179 428 2242 ullam
437 2179 618 2327 superlore
647 2185 704 2242 aut
734 2181 766 2243 in
796 2180 898 2254 nobis,
929 2181 1046 2262 quippe
1076 2178 1155 2244 nihil
1187 2201 1252 2243 non

117 2267 197 2350 jussi
231 2265 361 2339 59959559,
395 2268 451 2327 995
484 2265 515 2327 59
550 2264 694 2328 Romano
732 2265 851 2347 populo
886 2229 1133 2349 hattonibusque
1168 2265 1251 2341 95559,

27 2373 33 2384 ·
121 2372 329 2434 9999999999
352 2315 393 2413 bb
416 2355 527 2431 accep
528 2372 563 2412 99
597 2350 730 2431 injurias
764 2350 975 2414 desciverunt.
1022 2349 1072 2414 Sit
1105 2351 1249 2415 omnium

122 2437 250 2514 oblivio,
267 2438 309 2498 955
296 2435 436 2499 tfoedus
460 2457 537 2498 cons
539 2436 639 2498 tantis
662 2436 821 2499 amicitiae
843 2436 985 2518 fidesque
1008 2436 1252 2500 benevolentiae

121 2545 159 2587 ac
194 2522 419 2585 moderationis
451 2519 672 2602 sempiterna.“
734 2521 819 2584 Alias
854 2521 944 2602 plura
979 2522 1081 2584 dicam
1118 2521 1157 2584 de
1191 2521 1253 2584 buo
1339 2543 1340 2547 ¹

121 2608 285 2672 amnestia.
333 2604 527 2669 Commendo
558 2627 607 2668 me
638 2611 712 2668 5999
744 2606 906 2686 dignitate
941 2611 996 2687 pat
998 2629 1030 2669 er
1060 2614 1092 2669 et
1124 2606 1252 2669 domine

124 2698 241 2758 noster.
287 2692 363 2754 Item
390 2690 576 2754 commendo
601 2690 767 2753 Nicolaum
791 2688 1071 2772 Engelmaunum,⁸
1093 2691 1251 2754 fautorem

122 2801 237 2853 meum,
262 2776 427 2841 Eobanum
448 2774 607 2847 Hessum
624 2780 697 2857 poe
699 2798 749 2839 am
767 2777 1013 2854 celeberrimum
1030 2780 1063 2839 et
1079 2776 1252 2840 Henrreum

121 2845 295 2940 Urbanum,
329 2862 521 2925 latinumet
543 2861 690 2924 solertem
720 2862 833 2939 virum,
865 2863 920 2943 qui
947 2866 1022 2925 tuus
1044 2861 1253 2926 cancellarius

123 2951 150 3014 si
181 2954 273 3021 esset,
304 2947 429 3011 599995
415 2946 553 3043 tgloriu
582 2947 696 3010 mirum
726 2947 757 3009 in
787 2911 915 3010 mbdum
949 2951 1127 3096 augeretur
1162 2967 1253 3027 prae·

122 3037 268 3100 sertimt
271 3055 311 3097 99
334 3033 480 3116 prudent
473 3054 503 3096 ra
457 3031 637 3096 tliteras
659 3031 745 3095 illius
768 3039 1022 3114 recognoscente.
1067 2995 1144 3095 Vale
1164 3031 1252 3096 felix.

121 3119 237 3184 MDXV
261 3117 395 3183 Eidibus
417 3117 550 3182 Martiis.

274 3219 335 3274 Cod.
354 3218 421 3272 mol.
442 3219 500 3271 449.

122 3407 236 3475 (cotra.)
648 3390 720 3452 460.
1023 3406 1061 3458 15.
1080 3403 1155 3459 Mart.
1178 3406 1252 3460 1515.

436 3516 579 3587 Mutiau
603 3536 651 3585 nn
675 3513 937 3585 Sunthausen.⁵

125 3648 210 3716 (Spotl
234 3647 297 3700 iiber
320 3647 369 3701 dos
392 3646 497 3698 Fustcn.
540 3644 656 3698 Wuusrb
678 3645 722 3696 dea
747 3644 857 3695 inncren
875 3642 1001 3696 Fmbdnrs
1018 3642 1066 3710 fiir
1084 3641 1182 3709 Ersurt
1199 3643 1259 3695 und

451 3715 497 3766 (ter
517 3713 654 3766 uuest-ear
671 3713 717 3764 der
740 3712 903 3764 Verburrnten
907 3715 923 3779 .)

182 3830 352 3880 Valentino
371 3828 582 3880 sunthusenlo
601 3828 698 3887 equiti
716 3830 747 3877 et
762 3825 975 3887 jureconsulto
993 3824 1194 3882 nobtltsstmo,

448 3913 547 3963 amico
565 3912 734 3972 praecipuo
752 3912 796 3961 Μ.
815 3909 927 3962 Rufus.

229 4023 260 4087 S.
313 4023 394 4098 Quid
429 4028 486 4100 995,
519 4021 694 4095 Valentine,
728 4021 837 4084 doctor
871 4021 1137 4094 humanissime·
1169 4018 1257 4101 quod

125 4109 237 4172 scribit
259 4109 298 4172 nd
323 4109 456 4171 Fabium
482 4108 606 4171 Gallum
632 4106 672 4168 M.
698 4105 844 4169 Tullius?
892 4106 986 4188 „ligo
1005 4106 1059 4186 qui
1077 4127 1124 4167 me
1141 4105 1258 4167 ostreis

192 4345 314 4397 ⁸doctor
331 4342 521 4396 humanissime
539 4341 601 4407 sclelt
619 4341 661 4393 bei
679 4315 752 4393 ’59999

198 4413 277 4466 1059.
299 4412 366 4465 Phil.
388 4412 407 4471 5,
427 4414 449 4464 1.
505 4410 585 4463 'Der
603 4410 749 4464 Historilror
765 4409 896 4462 Herodian
909 4408 1031 4461 crschron
1045 4405 1150 4460 mitta
1164 4394 1260 4459 05999.

131 4479 172 4533 595
191 4482 275 4534 Aldus
295 4483 356 4533 599.
378 4480 451 4533 1503.
486 4479 536 4532 Dio
553 4478 613 4545 lolg.
632 4477 747 4532 Stellol.
767 4477 840 4544 V,lIl
859 4478 883 4543 7,
902 4479 925 4530 0.
1001 4474 1054 4527 ³8.
1073 4474 1172 4528 2065.
1191 4474 1215 4526 2.

153 4550 204 4604 ⁴8.
225 4549 282 4605 512
295 4553 328 4605 A.
349 4552 372 4605 1.
448 4546 501 4604 ⁵8.
521 4547 573 4606 518
591 4551 623 4606 A.
642 4550 666 4604 5.
