2774 4966
130 637 192 702 158
513 624 600 687 Brtete
619 647 669 686 ron
689 630 867 687 1508-1509.

130 809 293 872 Hactenus
327 826 446 867 severa.
491 803 585 866 Nunc
617 803 759 884 jucunda
791 805 938 869 scribam.
986 805 1148 889 Adelphos
1182 807 1265 888 ille¹,

130 893 276 974 quisquis
311 894 337 954 is
373 896 431 965 est,
465 891 573 952 sordes
611 889 732 952 salibus
764 889 904 970 vulgatis
938 892 1086 972 aspergit.
1132 891 1266 967 Quanto

130 981 271 1051 latinius,
286 984 321 1039 ut
333 997 434 1058 panca
453 974 490 1036 de
506 975 615 1036 multis
628 977 816 1051 examinem,
832 978 877 1039 ita
891 977 1048 1058 principio
1065 977 1264 1058 scripsisset:

400 1060 590 1123 Emendatio
614 1060 733 1141 primae
756 1059 978 1124 cavillationis.

232 1146 314 1209 Data
338 1152 386 1208 est
408 1145 527 1207 Romae
555 1145 679 1225 magnis
702 1144 778 1206 viris
800 1144 925 1225 aliquot
951 1145 1116 1227 pontificia
1138 1151 1171 1210 et
1193 1147 1266 1227 adi-

131 1232 212 1313 palis
234 1253 323 1294 cena.
369 1229 446 1292 Tam
481 1229 594 1292 celebri
628 1228 793 1291 adbibitus
815 1229 908 1312 epulo
931 1231 1055 1293 facetus
1077 1231 1208 1312 quidam
1229 1238 1266 1295 et

133 1317 225 1379 dicax
256 1316 451 1397 praelatione
482 1315 627 1394 insignis,
656 1313 739 1395 qnod
770 1315 891 1396 sinapis
926 1313 1129 1379 calefactoria
1163 1322 1264 1399 atquc

130 1402 209 1465 adeo
234 1401 364 1463 Veneris
392 1399 623 1462 suscitabulum
653 1398 891 1470 desideraretur,
922 1401 1117 1463 exclamasse
1145 1400 1264 1466 fertur:

132 1486 199 1569 „Oh
224 1496 345 1568 quauta
368 1486 507 1567 patimus
531 1505 586 1564 pro
609 1483 777 1545 ecclesial“
825 1485 854 1546 ls
870 1486 1052 1549 admonitus
1070 1486 1264 1552 barbarismi

128 1574 281 1652 suscepit:
309 1571 409 1652 „Quid
427 1577 462 1632 tu
479 1569 506 1631 It
522 1590 578 1652 pro
594 1567 616 1631 S
632 1569 828 1631 substituis?
851 1573 942 1649 quasi
966 1591 1038 1634 vero
1063 1573 1200 1634 nesciam
1227 1580 1264 1637 et

128 1659 268 1739 patimus
296 1664 328 1719 et
358 1657 497 1736 patimur
530 1678 598 1715 esse
632 1675 723 1716 casus
758 1655 920 1734 genitivi‘·
968 1654 1049 1718 Mira
1080 1658 1195 1733 irrisio,
1223 1663 1265 1722 ut

129 1764 210 1824 quae
233 1742 273 1804 ab
303 1741 435 1803 eruditis
471 1740 664 1802 fastidienda
697 1760 759 1801 non
795 1740 845 1801 sit.
891 1739 1000 1804 Refert
1033 1743 1117 1804 enim
1151 1749 1265 1824 operto

128 1827 361 1909 impudicitiam
392 1830 425 1888 et
458 1825 600 1905 ignotam
635 1822 779 1907 adelpho
814 1825 989 1889 doctrinam
1022 1847 1085 1889 non
1113 1830 1180 1890 tam
1201 1850 1264 1892 ax·

130 1914 249 1994 primit‚
272 1933 367 1993 quam
391 1912 543 1973 insinuat.

434 1994 602 2058 Enarratio
625 1995 720 2076 hujus
742 1993 944 2058 urbanitatis.

231 2081 280 2144 Oh
309 2087 432 2162 quanta
461 2081 601 2160 patimur
630 2102 695 2161 pro,
726 2080 755 2141 id
780 2081 883 2142 estin
909 2081 1041 2144 ecclesia
1064 2080 1093 2144 b.
1121 2104 1147 2144 e.
1172 2083 1265 2147 curia

128 2189 267 2232 romana.
319 2166 471 2245 lntelligit
501 2172 530 2227 et
563 2166 666 2228 innuit
694 2165 830 2227 latenter
856 2187 998 2228 aversam
1025 2167 1263 2249 turpitudinem

128 2260 159 2317 et
194 2259 431 2334 praeposteram
467 2251 590 2313 initum.
639 2250 782 2312 Patimas
820 2271 877 2333 pro
914 2252 1053 2331 patimur
1089 2252 1265 2334 dupliciter

127 2341 208 2403 tueri
231 2343 346 2419 potest.
391 2336 507 2410 Primo,
539 2335 623 2415 quod
656 2335 781 2416 antiqui
815 2335 978 2416 ponebant
1000 2336 1023 2399 S
1046 2359 1102 2418 pro
1125 2338 1154 2399 lt-
1176 2343 1265 2402 testa

126 2425 302 2505 Pomponio
336 2423 381 2484 De
414 2423 536 2500 origine
570 2421 650 2501 juris
687 2418 823 2483 romani²
847 2428 879 2483 et
902 2421 1001 2484 Fabio
1034 2420 1265 2498 Quintilian0.⁸

128 2510 240 2588 ltaque
263 2508 398 2589 legimus
422 2505 573 2581 Valesius
602 2505 718 2568 Fusius
734 2528 790 2587 pro
806 2505 958 2572 l'alerius.
976 2506 1099 2570 Furius.
1138 2508 1265 2575 Deinde

131 2594 215 2675 quod
251 2594 412 2673 patuimus
436 2615 453 2653 a
477 2596 570 2673 pateo
606 2593 809 2671 praeteritum
840 2613 894 2672 per
925 2612 1084 2673 syncopen
1119 2595 1265 2675 pat-imus

128 2684 223 2743 creat.
270 2677 445 2757 [trumque
481 2676 564 2737 dixit
593 2677 726 2755 genitivi
758 2699 849 2737 casus
881 2698 959 2752 esse,
988 2679 1074 2757 quod
1096 2680 1135 2741 ad
1160 2681 1263 2743 ictum

127 2785 319 2843 cursumque
363 2762 512 2843 genitalis
555 2762 686 2823 seminis
724 2762 880 2841 pertineat
917 2764 983 2843 pati
1022 2764 1189 2827 muliebria
1229 2772 1264 2830 et

128 2856 270 2931 patorem
296 2848 416 2929 podicis
440 2847 626 2926 hiatumque
648 2847 760 2908 offerre
781 2846 957 2928 paediconi.
1004 2847 1098 2910 Plura
1121 2849 1264 2915 scribere

127 2936 166 2998 de
188 2934 248 2997 bac
264 2933 402 2996 nefanda
419 2932 583 3013 voluptate
599 2932 700 3012 pudor
717 2937 748 2993 et
765 2932 922 2994 sanctitas
937 2953 1059 2995 morum
1075 2934 1262 3017 probibent.

127 3021 197 3083 Dici
219 3019 391 3082 admodum
415 3018 498 3080 salse
521 3022 626 3097 potest
649 3017 681 3078 in
704 3015 810 3079 Italos.
856 3016 914 3094 aa
937 3019 1032 3097 erupti
1049 3022 1133 3081 tutrt
1150 3022 1263 3096 bilibit

127 3106 186 3177 tud)
210 3106 251 3164 ait
275 3114 356 3177 flattu
379 3106 480 3176 mrtqt.
525 3096 567 3182 βε
591 3113 681 3162 restat
703 3121 762 3160 ram
786 3102 930 3173 biabrttid)
955 3123 985 3162 su
1009 3105 1071 3177 batt
1092 3109 1144 3165 tm
1167 3107 1266 3186 stup(

125 3209 216 3259 ruam.
269 3188 431 3268 Concerpe
465 3209 583 3268 quaeso
619 3192 729 3248 tantas
765 3186 1010 3250 obscoenitates
1063 3188 1261 3268 &attilium

127 3280 175 3336 est
198 3274 316 3337 malum
341 3274 588 3335 condimentum.
636 3271 736 3352 l'ulgo
759 3271 887 3333 dicunt:
919 3271 1057 3346 Stantem
1078 3279 1128 3333 trs
1153 3278 1263 3351 trmbtt

127 3365 178 3418 unt
202 3360 301 3431 macra
324 3359 425 3437 stmptl.
471 3356 589 3419 lterum
613 3357 699 3419 alico:
724 3356 895 3436 Concerpe.

231 3443 367 3525 Adelphi
391 3444 524 3505 dicteria
547 3441 625 3504 nibil
649 3441 842 3504 urbanitatis
867 3462 941 3522 prae
963 3464 997 3504 se
1019 3442 1136 3519 ferunt,
1156 3444 1211 3505 sed
1229 3450 1262 3508 et

128 3527 265 3591 elocutio
298 3531 403 3591 nriuus
433 3534 481 3591 ost
512 3529 633 3590 limata.
679 3527 847 3607 ,lntepono
882 3528 1136 3592 concionatorem
1169 3529 1260 3596 illum

127 3613 380 3677 disertissimum.
433 3613 606 3675 Plurimum
640 3610 734 3673 babet
766 3619 798 3674 et
829 3610 906 3673 salis
936 3622 968 3674 et
998 3612 1089 3676 fellis.
1144 3614 1259 3679 Verum

127 3722 229 3763 sermo
263 3700 420 3779 stilusque
450 3698 539 3761 rudis
562 3704 619 3759 est.
666 3697 742 3759 Eme
765 3718 883 3776 quaeso
906 3698 965 3759 tibi
989 3704 1020 3759 et
1044 3698 1121 3761 mibi
1156 3701 1262 3780 perri·

127 3784 247 3848 (tendas
277 3787 372 3847 mitte
401 3782 538 3845 Bebelii⁸
567 3783 708 3845 facetias.
739 3803 819 3862 quas
841 3782 1013 3845 admodum
1043 3805 1158 3863 graves
1190 3806 1262 3849 esse

126 3876 265 3934 testatur
288 3870 460 3951 Adelphus.
506 3869 610 3933 Erras.
641 3867 725 3930 mule
755 3868 994 3948 plurimorum}
1039 3868 1109 3943 Quo
1137 3869 1261 3950 judicio

127 4042 304 4051 ——-—-

200 4143 208 4173 ¹
225 4140 285 4193 Job.
304 4139 449 4206 Adelphos.
462 4140 505 4190 ein
517 4139 701 4205 Strambmper
715 4141 774 4189 Arm
789 4155 821 4188 zu
835 4139 937 4204 ‚tutaup
949 4139 996 4189 des
1007 4140 1046 4190 td.
1055 4138 1262 4197 Jabrhunderts.

129 4208 235 4260 sebricb
254 4209 387 4260 Far-etiae:
407 4207 547 4274 Margarita
567 4206 737 4259 tinetiarum.
758 4206 858 4257 ,lltbrrsi
876 4211 1039 4272 ‚timpanum
1064 4206 1144 4273 Regis·
1167 4208 1262 4261 Vatre-

128 4277 208 4329 dicta.
227 4276 369 4329 meertna
386 4276 547 4343 Sigisruuudi
566 4286 592 4325 ct
612 4274 735 4326 friderici
755 4274 800 4327 lll.
822 4274 865 4325 lto.
885 4275 1085 4341 irrueratnrurn.
1108 4276 1264 4331 Stemmata

127 4344 168 4397 lo.
187 4344 358 4409 nascer-erp
381 4346 569 4395 marmoraria
588 4344 792 4410 argentinensis.
819 4342 926 4393 llausilii
953 4342 1033 4394 ticini
1060 4342 1203 4397 Florentiui
1229 4347 1263 4399 de

128 4412 190 4465 Sole
221 4412 386 4479 opusculum.
433 4412 566 4464 ttcrnrotai
604 4411 709 4463 llarlmri
741 4418 883 4463 manaae.
931 4411 1051 4463 l'aceriae
1087 4413 1262 4481 Adelphiuaa

137 4484 236 4533 ’Ἧι
257 4480 331 4533 lat'ss.
349 4484 373 4531 ⁴.
432 4480 559 4547 ‘Dignst
579 4480 598 4531 1.
618 4480 642 4532 ’2.
660 4482 701 4531 313.
759 4479 849 4530 δΙιιεῐ.
868 4496 904 4530 or.
924 4479 944 4532 l.
962 4482 987 4531 t.
1009 4482 1047 4531 13.
1101 4480 1262 4537 *Heinrich

205 4548 235 4603 ls.
247 4548 321 4599 aines
330 4548 461 4615 tubinger
472 4548 655 4601 lluuranisteu.
669 4547 787 4599 Facetias·
799 4548 953 4599 rrsrtriencu
969 4548 1043 4600 ltro.
1091 4551 1102 4581 ⁵
1114 4550 1264 4619 scalptus

225 4616 256 4669 cb
273 4614 301 4667 in
318 4616 419 4667 semem
437 4615 529 4669 Buche
547 4614 680 4683 ttulingus
699 4632 761 4681 raon
779 4614 945 4681 Mutiliugent
963 4626 1051 4667 neunt.
