2774 4966
10 29 980 324 u

564 643 667 698 blutian
687 659 720 696 an
739 641 838 696 Urban.
1201 620 1263 704 58‘l

136 818 294 884 luctum.l
337 818 451 882 Infecit
473 812 528 882 illa
550 818 648 901 pestis
664 816 855 880 christianos
871 836 981 878 mores.
1019 805 1053 877 ln
1073 835 1135 878 uno
1159 812 1264 876 tamen

136 911 186 969 est
201 909 349 968 erratum.
389 903 548 981 Combnri,
567 925 629 966 uon
648 902 801 984 proscribi
817 901 937 964 debuit.
970 899 1071 964 Nemo
1087 899 1263 978 aruspicem

137 991 293 1065 consulat,
328 991 434 1071 inquit
467 989 700 1053 Constantinus
738 989 917 1070 imperator.
974 984 1075 1050 Sileat
1113 988 1264 1066 perpetuo

137 1075 303 1139 divinandi
320 1077 495 1139 curiositas.
542 1076 693 1138 Homines
711 1075 794 1154 magi
811 1079 842 1136 et
858 1072 1010 1153 sortilegi,
1027 1072 1059 1134 in
1077 1090 1266 1153 quacunque

139 1163 204 1225 sint
227 1168 316 1242 parte
340 1166 503 1235 terrarum,
533 1160 663 1224 humani
698 1158 822 1238 generis
857 1157 964 1221 hostes
999 1157 1145 1220 credendi
1180 1159 1265 1218 sunt.

138 1247 172 1310 Si
196 1269 259 1310 nou
282 1247 398 1309 damno
422 1252 454 1309 et
478 1246 609 1309 infamia
640 1245 772 1309 notandi
803 1249 919 1320 essent,
948 1264 1011 1306 non
1036 1244 1209 1324 legeremus
1233 1240 1265 1303 in

135 1333 206 1414 jure
234 1332 319 1395 civili
347 1332 503 1395 rubricam
528 1332 565 1394 de
589 1330 739 1395 maleficis
763 1335 795 1393 et
816 1328 1060 1392 mathematicis.
1107 1327 1267 1390 Habemus

140 1417 386 1499 prohibitionem
421 1417 452 1479 in
489 1416 648 1480 Levitico:
685 1414 773 1496 „Non
808 1415 973 1478 declinetis
1003 1415 1041 1477 ad
1071 1434 1179 1494 magos
1210 1433 1268 1474 nec

139 1503 181 1567 ab
196 1503 303 1566 ariolis
325 1502 445 1584 aliquid
469 1502 684 1574 sciscitemini,
708 1506 744 1563 ut
760 1500 947 1581 polluamini
963 1521 1018 1582 per
1034 1499 1116 1563 eos.“
1157 1497 1267 1561 Valeat

141 1593 332 1669 portentum.
379 1587 413 1652 Si
438 1588 631 1669 planetarios
648 1587 802 1649 damnant
820 1585 950 1648 Decreta
965 1586 1129 1661 canonica,
1145 1587 1267 1666 quanto

140 1674 280 1736 severius
304 1680 380 1736 sunt
402 1673 590 1754 repudiandi
613 1672 817 1735 circulatores
833 1693 903 1734 cum
921 1672 987 1734 suis
1004 1671 1074 1734 istis
1090 1669 1268 1753 nugatoriis

140 1759 398 1823 characteribus?
443 1757 625 1822 Christiana
641 1759 742 1839 pietas
758 1756 943 1838 prohibetur
958 1756 1044 1819 adire
1061 1755 1267 1820 divinaculos.

139 1844 173 1908 Si
198 1867 307 1907 servus
331 1845 408 1918 adit,
432 1845 608 1924 castigatur
629 1841 829 1920 verberibus;
847 1842 872 1904 si
889 1840 1073 1918 monachuS,
1090 1845 1268 1905 maceratur

140 1930 370 2011 quinquennali
405 1930 617 2011 poenitentia,
651 1929 678 1991 si
713 1927 853 2002 clericus,
888 1927 1067 1990 detruditur
1101 1927 1133 1989 in
1159 1947 1267 1990 mona-

140 2016 286 2095 sterium;
317 2017 344 2078 si
377 2016 486 2089 laicus,
520 2015 817 2078 anathematizatur.
863 2013 948 2076 llaec
981 2017 1169 2094 argumento
1204 2012 1271 2076 sint

141 2101 281 2164 Duronio
305 2122 368 2164 non
393 2100 485 2163 modo
510 2100 692 2164 retinendos
708 2123 776 2163 esse
793 2098 873 2162 tales
896 2098 1082 2177 nebulones,
1099 2098 1153 2162 sed
1172 2098 1268 2162 etiam

141 2186 313 2269 pellendos,
341 2186 609 2259 exterminandos,
641 2185 827 2267 puniendos.
874 2184 1060 2249 Consentire
1095 2184 1269 2249 retinentes

141 2272 213 2352 quis
251 2271 400 2336 dubitat?
459 2272 629 2346 Conclude,
670 2271 822 2335 iacientes
858 2275 891 2334 et
928 2271 1164 2335 consentientes
1201 2271 1269 2354 pari
1309 2288 1310 2292 ’

140 2379 243 2439 poena
256 2358 450 2440 plectendos.
485 2357 623 2421 Meretur
635 2357 940 2421 animadversionem
955 2355 1124 2435 Duronius,
1137 2355 1267 2432 stultus,

139 2444 166 2507 si
190 2444 321 2508 moleste
345 2444 406 2508 lert
429 2443 626 2508 eliminatum
658 2465 726 2506 esse
754 2446 930 2506 monstrum
962 2442 1268 2525 pestilentissimum,

139 2530 201 2594 nisi
232 2530 359 2611 sapiens
384 2530 448 2594 dici
470 2534 586 2610 potest,
617 2530 673 2611 qui
703 2527 877 2611 periculum
901 2549 993 2593 suum
1019 2550 1081 2593 non
1106 2527 1268 2609 intelligit.

140 2613 185 2678 De
209 2614 268 2679 hac
291 2616 412 2679 arronis
433 2615 643 2697 abjectissimi
672 2615 901 2697 proscriptione
930 2615 1093 2680 hactenus.
1139 2614 1270 2692 Scribis,

140 2700 266 2764 Urbane
290 2702 466 2764 carissime:
495 2701 717 2782 „Reverendus
739 2701 841 2764 abbas
857 2705 983 2765 tuarum
1005 2722 1131 2785 precum
1149 2701 1270 2765 intuitu

139 2786 276 2850 libenter
309 2789 433 2864 annuit,
468 2792 504 2850 ut
536 2786 654 2869 Lipsim
691 2785 899 2869 proficiscar.“
960 2787 1069 2864 hddis,
1103 2786 1187 2869 quod
1222 2790 1271 2850 est

139 2873 350 2936 necessarium
384 2895 441 2935 nec
470 2872 640 2954 ignorabo:
675 2872 756 2953 ,Ubi
786 2894 932 2936 nummos
954 2875 1012 2936 sim
1037 2870 1268 2955 accepturus?“

141 2957 241 3022 Ome
264 2964 373 3039 terque
397 2964 572 3040 quaterque
602 2958 741 3021 felicem!
788 2957 993 3022 Conscribam
1029 2959 1134 3040 capita
1169 2978 1270 3021 rerum

142 3044 344 3107 emendarum
369 3048 464 3127 teque
487 3065 573 3126 rogo,
589 3048 627 3106 ut
643 3049 793 3125 praestes,
818 3043 903 3125 quod
925 3045 1094 3126 promittis.
1138 3042 1271 3107 Etiamsi

141 3129 243 3193 multo
266 3129 403 3211 amplius
426 3129 619 3210 exposueris,
643 3149 738 3209 quarn
769 3126 954 3192 Carthasim
985 3129 1132 3205 debeant,
1162 3134 1271 3193 tamen

141 3219 174 3278 te
196 3216 431 3279 securissimum
457 3214 580 3278 faciam.
627 3212 739 3277 Servat
760 3214 856 3277 istam
872 3214 951 3278 mihi
968 3214 1164 3279 voluntatem
1181 3219 1270 3279 tuam

140 3301 331 3365 immortalis
368 3300 447 3364 deus
484 3304 517 3362 et
554 3300 683 3364 conatui
720 3304 817 3381 atque
855 3299 1022 3381 aparatui
1067 3300 1271 3371 sedulitatem

143 3386 274 3451 tribuat.
322 3385 405 3448 Vale.
453 3384 531 3447 Post
555 3387 684 3467 nuptias
707 3384 824 3448 amici.¹
872 3322 997 3448 ltuxv.

295 3486 357 3538 Cod.
377 3483 443 3537 l'rol.
462 3485 520 3537 516.

145 3670 260 3739 (noua.)
670 3656 743 3719 524.
1062 3627 1100 3724 1⁰1.
1120 3670 1176 3725 oet.
1198 3672 1271 3726 1515.

518 3780 662 3852 Mutian
686 3801 734 3852 an
759 3778 897 3851 Urban.

257 3908 374 3969 (Wartct
390 3910 551 3978 unycduldr'q
568 3910 624 3976 uus
636 3911 685 3963 den
703 3908 851 3977 Kcusprm'a
867 3908 916 3975 [ἄν
932 3909 982 3962 dm
1007 3908 1160 3978 Weisrboeq.)

518 4023 559 4075 Η.
577 4024 705 4075 Urbano
724 4027 768 4078 Μ.
785 4025 898 4077 Rufus.

247 4132 279 4196 S.
326 4132 396 4196 Etsi
430 4135 589 4199 vindemia
623 4140 654 4198 te
689 4141 825 4219 occupat
861 4142 974 4220 utpote
1013 4134 1273 4217 patremfamilias

142 4219 374 4301 procurationis
399 4219 624 4301 amplissimae,
640 4227 733 4302 urget
748 4242 797 4285 ma
814 4228 920 4285 tamen
938 4221 1127 4285 desiderium
1150 4219 1273 4296 mercis,

143 4309 178 4368 ut
212 4311 286 4369 tuae
319 4304 427 4368 literas
460 4306 617 4386 requiram
645 4310 676 4370 et
705 4306 886 4389 efflagitem.
932 4306 1071 4388 Longior
1105 4309 1154 4369 est
1188 4305 1273 4373 enim

211 4454 224 4481 a
238 4439 374 4491 rermrdert
391 4456 442 4492 aras
460 4439 569 4494 dictum.

214 4509 221 4538 ¹
241 4506 294 4560 rur
311 4509 361 4561 den
380 4508 427 4560 der
444 4508 557 4562 silborne
576 4508 679 4563 Becher
691 4510 827 4563 bestimmt
840 4525 903 4571 war,
913 4509 968 4563 also
978 4509 1020 4562 ein
1030 4506 1275 4563 GothaerFreund?

144 4574 202 4642 Vgl.
221 4575 246 4629 S.
267 4575 318 4629 583
336 4579 368 4630 Α.
387 4577 410 4629 2.
446 4576 524 4631 Nach
551 4578 662 4633 Sobluss
689 4594 742 4632 ron
758 4577 802 4632 Br.
821 4577 873 4632 522
900 4577 995 4632 sollten
1021 4577 1068 4630 ihn
1094 4576 1184 4631 Urbun
1212 4575 1275 4629 oder

141 4642 222 4697 Hand
234 4643 284 4697 mit
292 4646 360 4698 nach
372 4645 481 4715 Leipzig
493 4645 616 4715 nahmen,
634 4647 685 4701 wic
702 4647 793 4702 trithei·
811 4645 923 4701 Publius
940 4646 994 4701 und
1011 4645 1086 4701 Abel.
1109 4645 1194 4700 Sabat
1205 4646 1237 4699 A.
1247 4646 1272 4702 5.
