2774 4966
128 616 189 681 182
508 610 596 664 Briele
614 626 665 664 von
685 609 864 665 reue-1511.

126 784 266 869 pressit?
311 782 359 847 An
383 783 442 847 deo
465 782 514 847 las
529 787 578 846 est
592 781 690 861 adyta
705 781 813 845 divina
829 782 1056 857 contaminare,
1073 778 1263 847 hominibus

127 870 241 933 nelas‘?
287 869 370 932 Dura
400 868 582 932 mortalium
612 868 764 931 conditio.
810 868 971 931 Incestum
1000 867 1133 930 blattam
1156 866 1263 933 Roma

125 955 234 1020 coluit.
286 953 365 1017 Mira
387 954 544 1034 patientia
578 953 802 1015 Romanorum.
838 951 883 1017 Tu
907 953 1123 1034 credensque
1145 951 1260 1017 Jovem

126 1041 223 1105 ferres
252 1038 446 1103 corrivalem.
502 1037 591 1117 „Non
625 1038 703 1099 bene
733 1059 803 1100 cum
834 1038 929 1102 sociis
963 1059 1061 1119 regna
1088 1037 1263 1119 Venusque

128 1122 301 1189 manent.“'
349 1123 390 1185 llt
411 1122 490 1185 libet
513 1123 596 1185 ultra
612 1123 720 1201 vagari
745 1143 798 1205 per
814 1123 938 1187 erudita
953 1121 1124 1186 vetustatis
1139 1123 1256 1204 spatie.

128 1211 301 1291 Postquam
326 1209 357 1269 in
374 1207 466 1271 Latio
482 1230 538 1271 rex
554 1208 670 1271 Procas
686 1207 851 1271 Numitore
867 1214 899 1271 et
916 1207 1042 1271 Amulio
1057 1207 1133 1271 liliis
1148 1229 1262 1291 super-

127 1295 259 1359 stitibus
289 1292 417 1357 fatalem
448 1298 582 1355 mortem
610 1291 700 1367 obiit,
735 1290 881 1356 Amulius
907 1314 1010 1373 neque
1037 1292 1090 1373 jus
1112 1294 1259 1374 gentium

128 1402 229 1460 neque
252 1377 358 1441 fratris
381 1382 519 1440 aetatem
542 1380 662 1440 veritus
687 1377 860 1453 Numitore,
895 1398 988 1458 quem
1012 1398 1144 1458 regnare
1165 1398 1263 1460 opor·

128 1465 201 1541 luit,
224 1465 256 1526 in
281 1463 422 1525 ordinem
446 1461 589 1524 redacto²
612 1484 744 1542 mgnum
769 1467 907 1543 occupat
929 1484 987 1525 nec
1003 1467 1174 1525 contentus
1191 1484 1261 1525 ma·

124 1550 224 1631 jorem
248 1547 377 1611 fratrem
400 1548 486 1628 regio
510 1547 637 1610 nomine
660 1548 811 1629 privasse,
842 1553 879 1609 nt
901 1568 988 1628 spem
1013 1567 1141 1627 quoque
1170 1546 1261 1612 illius

128 1636 159 1697 in
177 1638 336 1716 posterum
353 1642 367 1671 ⁸
382 1632 587 1712 recuperandi
598 1632 753 1694 adimeret
769 1632 852 1694 virili
868 1632 966 1714 stirpe
981 1630 1120 1709 sublata,
1135 1630 1261 1697 Rbeam

127 1718 258 1784 Silviam
285 1716 359 1799 (alio
383 1718 511 1780 nomine
533 1717 649 1779 dicitur·
671 1715 742 1797 ilia)
768 1717 932 1780 Numitore
953 1717 1105 1799 genitam,
1128 1738 1169 1781 ne
1192 1739 1262 1781 ma·

129 1803 279 1868 trimonio
311 1802 415 1865 locata
445 1803 638 1866 domesticae
668 1802 802 1883 injuriae
829 1802 964 1866 ultorem
998 1801 1172 1883 aliquando
1195 1801 1260 1867 sibi

128 1895 260 1971 pareret,
285 1887 441 1951 Vestalem
467 1888 619 1968 virginem
645 1888 737 1969 capit.
773 1887 893 1964 erarto
915 1886 1064 1969 deinceps
1079 1908 1164 1951 anno
1180 1888 1260 1955 sub-

128 1975 216 2039 eunti
241 1973 358 2037 Silviae
382 1971 493 2035 Martis
516 1972 622 2035 lucum
647 1973 694 2034 vis
718 1973 840 2053 puellae
863 1972 953 2036 illata
975 1977 1032 2036 est.
1065 1971 1259 2039 Persuasum

128 2060 256 2141 quidam
281 2058 420 2120 habuere
436 2057 476 2121 ab
494 2079 557 2121 uno
573 2079 738 2140 procorum
756 2081 823 2121 eam
841 2058 939 2121 luisse
955 2079 1178 2140 compressam,
1202 2059 1259 2143 qui

128 2145 214 2209 illius
243 2144 382 2207 nondum
415 2143 561 2207 initiatae
593 2164 700 2206 amore
723 2149 835 2226 captus
867 2165 939 2207 cum
962 2142 1047 2207 ultra
1069 2143 1259 2211 diuturnum

127 2231 277 2294 affectum
307 2228 385 2291 ferre
417 2249 479 2290 non
508 2233 627 2311 posset,
659 2229 806 2292 incautae
836 2228 880 2291 sit
910 2228 1091 2293 insidiatus.
1135 2228 1203 2293 Alii
1226 2229 1260 2295 in

128 2315 293 2379 Amulium
325 2314 356 2377 id
386 2314 503 2377 crimen
535 2312 713 2387 conferunt,
744 2320 781 2377 ut
808 2335 871 2377 non
901 2318 966 2377 tam
1002 2313 1125 2396 puellae
1155 2314 1260 2383 forma

128 2404 244 2478 motus,
267 2420 363 2480 quam
387 2403 424 2463 ut
446 2399 478 2462 in
501 2405 646 2481 apertum
679 2400 762 2462 vitae
785 2398 954 2463 discrimen
987 2399 1133 2464 vitiatam
1155 2399 1260 2466 addu-

128 2491 221 2563 ceret,
246 2490 401 2548 armatum
427 2506 496 2548 sese
517 2483 563 2547 illi
586 2484 749 2557 obtulerit,
772 2485 929 2548 incertum
952 2491 989 2548 ut
1011 2484 1123 2567 culpae
1145 2491 1260 2552 auctor

126 2572 240 2635 lateret
263 2592 303 2634 en
335 2573 371 2633 ut
393 2569 548 2634 horridior
578 2570 742 2633 incurrens
772 2569 813 2632 ob
842 2575 959 2634 metum
991 2570 1125 2653 injuriae
1153 2572 1259 2655 magis

128 2657 302 2720 obnoxiam
327 2654 468 2718 haberet.
513 2654 575 2719 Sed
599 2655 700 2719 multo
725 2655 829 2736 plures
852 2677 1034 2738 compressu
1050 2656 1162 2720 Martis
1184 2678 1258 2739 gra·

129 2742 235 2806 vidam
258 2741 374 2804 factam
399 2740 616 2821 prodiderunt,
640 2740 814 2804 dubiumne
828 2739 860 2779 ¹¹³
884 2746 919 2805 ut
937 2741 997 2804 hoo
1013 2741 1180 2806 mendacio
1196 2742 1259 2809 Ro-

129 2827 213 2890 mani
238 2825 346 2909 populi
370 2826 524 2907 originem
547 2828 762 2905 augustiorem
792 2825 933 2890 facerent
954 2849 1006 2903 an,
1029 2839 1066 2890 nt
1088 2832 1167 2891 tuuc
1191 2832 1260 2893 erat

130 2913 293 2977 bominum
318 2912 436 2992 opinio,
453 2912 498 2974 ita
515 2933 698 2993 persuasum
717 2911 896 2975 habuerint.
930 2911 1057 2976 Marcus
1071 2911 1168 2976 Varro
1184 2934 1257 2979 cum

131 3019 235 3079 neque
257 2997 375 3060 factum
393 2996 567 3060 affirmaret
583 3019 685 3079 neque
701 2997 739 3059 de
755 3019 832 3059 suae
848 2997 937 3061 urbis
952 2998 1074 3078 origine
1090 2998 1208 3065 maleo
1231 2999 1258 3065 i·

130 3084 199 3148 nari
215 3082 313 3146 videri
329 3082 435 3156 vellet,
458 3103 570 3164 operae
586 3083 722 3165 pretium
739 3083 770 3146 id
787 3104 856 3146 esse
871 3082 1121 3166 civitatibusque
1136 3020 1230 3151 conti

128 3168 221 3233 cibile
242 3172 382 3231 testatus
398 3172 456 3243 est,
479 3168 506 3230 si
523 3168 619 3232 etiem
642 3167 756 3231 falsum
774 3169 827 3244 sit,
843 3190 934 3232 suam
953 3167 1106 3250 originem
1124 3168 1165 3234 ad
1182 3169 1259 3235 deos

128 3254 300 3331 referrent
312 3274 348 3316 eo
361 3254 454 3317 modo
467 3252 626 3317 humanus
642 3254 768 3316 animus
784 3253 871 3317 velut
882 3253 1009 3316 divinae
1019 3254 1129 3335 stirpis
1141 3254 1259 3323 fiducia

128 3362 178 3403 res
199 3360 335 3419 magnas
358 3338 510 3401 audacius
533 3338 757 3420 aggrederetur
780 3338 957 3420 fortiusque
979 3347 1102 3420 gereret
1125 3338 1259 3423 ipsaque

128 3424 301 3489 securitate
325 3425 515 3505 transigeret
538 3424 670 3487 felicius.
715 3423 783 3504 Ego
806 3424 865 3486 etsi
883 3424 984 3501 video,
1002 3446 1084 3506 quae
1098 3424 1133 3488 in
1148 3425 1259 3508 hujus·

129 3511 213 3574 modi
237 3508 332 3572 rebus
354 3509 518 3572 tradendis
549 3510 613 3572 siut
636 3508 802 3572 eluistiani
830 3508 969 3573 hominis
999 3514 1115 3591 partes,
1148 3510 1257 3576 divum

129 3600 235 3659 tamen
259 3593 436 3657 Aurelium‘
453 3600 581 3657 secutus
599 3595 628 3656 in
645 3594 749 3658 medio
765 3594 850 3658 hune
866 3594 969 3658 locum
992 3595 1155 3676 relinquo;
1171 3597 1258 3679 quod

130 3702 166 3744 eo
190 3679 344 3743 libentius
366 3679 458 3757 facio,
482 3678 568 3760 quod
584 3679 659 3742 talis
681 3702 782 3762 paene
798 3680 943 3761 quaestio
959 3702 978 3742 a
994 3680 1113 3743 uostris
1129 3702 1259 3764 quoque

128 3765 297 3829 Lactantio
314 3768 347 3828 et
361 3765 433 3827 aliis
449 3763 607 3845 theologis
620 3764 743 3845 jactata
759 3771 824 3828 est:
841 3769 947 3828 utrum
964 3765 1080 3846 angeli,
1096 3770 1258 3833 uteorum

129 3850 234 3914 verbis
257 3854 337 3926 utar,
362 3850 417 3931 qui
440 3850 647 3931 praevaricati
679 3850 839 3925 dicuntur,
863 3872 932 3914 cum
957 3849 1121 3915 hominurn
1145 3851 1258 3917 mulie-

129 3934 217 3998 ribus
234 3935 475 4012 concubuerint,
489 3935 573 3997 unde
585 3935 643 3997 viri
660 3934 768 4012 fortes,
781 3936 836 4015 qui
853 3935 893 3998 ab
910 3936 1002 3998 initio
1019 3940 1095 3999 sunt
1109 3936 1260 4017 gigantes

129 4020 216 4096 dicti,
246 4020 402 4101 procreati
435 4020 510 4083 sint.
560 4019 705 4083 Meminit
739 4020 833 4103 liujus
866 4019 1079 4084 dubitationis
1109 4020 1259 4087 Aurelius

127 4106 299 4170 acerrimus
323 4105 451 4187 pietatis
474 4104 620 4168 defensor
643 4105 724 4168 libro
740 4105 782 4167 lll
806 4105 851 4168 lle
868 4106 997 4169 civitate
1020 4105 1069 4169 dei
1087 4106 1193 4188 capite
1208 4106 1258 4171 lv.

127 4191 194 4274 Ego
218 4190 384 4272 indignum
408 4212 446 4254 ac
461 4211 561 4272 paene
584 4190 715 4272 impium
732 4191 880 4254 existimo
896 4192 937 4255 ad
952 4191 1082 4255 deorum
1099 4195 1259 4269 naturam,

128 4297 210 4357 quae
234 4275 328 4339 beata
350 4280 382 4339 et
404 4277 589 4356 incorrupta
612 4277 664 4352 sit,
688 4298 756 4338 eam
781 4276 923 4340 fraudem
945 4276 1067 4340 referre.
1113 4276 1187 4342 Nou
1210 4282 1259 4343 est

195 4410 396 4478 *inposterum
467 4414 481 4450 b
495 4408 604 4461 dubium
624 4425 663 4461 ne.

197 4481 205 4510 ¹
226 4478 302 4532 ovid.
326 4482 377 4530 Ars
395 4494 446 4530 am.
472 4478 519 4544 ΙΙΙ,
544 4478 602 4530 564.
673 4477 731 4529 llu
757 4477 874 4530 ordinem
898 4477 1016 4545 redigere
1034 4499 1067 4521 ιε
1085 4477 1259 4549 emiedrigen‚

128 4547 186 4601 hier
204 4546 290 4601 seiues
311 4546 562 4599 Herrscherreehtes
579 4545 719 4600 beraubcn.
791 4545 884 4599 ³sz
903 4548 967 4599 statt
984 4544 1094 4600 dubium
1112 4560 1179 4601 eone
1196 4563 1259 4603 oon·

127 4615 193 4671 silio.
264 4616 355 4668 ‘Aur
374 4614 544 4683 Augustinus.
