2774 4966
137 605 200 672 602
364 604 517 662 Zerotreute
536 606 623 662 Briete
641 623 689 661 aus
707 607 913 665 verschiedencu
931 610 1032 666 Zetten.

195 774 403 826 aeternarum
418 775 595 836 juventutis
613 777 714 830 Jonas
732 778 825 831 uinco
843 779 1011 843 murco
1026 780 1213 843 jurisper-rto

608 863 793 915 Muttanua.¹

241 971 336 1035 Plura
361 995 409 1037 me
431 971 610 1050 hortantur,
635 979 672 1038 ut
693 978 726 1038 te
750 979 821 1038 utar
844 978 877 1039 et
898 996 994 1058 opera
1016 980 1073 1040 lua
1096 976 1271 1060 studioque

139 1056 345 1122 familiariter.
390 1059 502 1140 ltaque
525 1059 643 1140 quibus
665 1061 756 1142 potui
779 1059 935 1125 machinis
956 1066 989 1125 te
1012 1060 1213 1126 humanitate
1234 1085 1272 1126 ac

137 1142 360 1207 benevolentia
394 1149 607 1226 praestantem
643 1146 674 1207 in
710 1167 813 1209 veram
848 1151 881 1208 et
914 1151 1058 1210 sanctam
1093 1147 1270 1212 amicitiam

136 1229 296 1292 attrahere
318 1229 485 1293 scribendo
510 1230 626 1293 curavi.
674 1231 796 1294 Bonum
817 1230 964 1312 juvenem
990 1254 1059 1296 esse
1077 1231 1196 1314 judico,
1215 1233 1271 1314 qui

137 1314 214 1378 boni
237 1320 269 1378 et
293 1315 377 1378 docti
400 1315 458 1378 viri
483 1314 720 1379 contubernalis
743 1318 785 1380 sit
808 1317 925 1399 quique
950 1317 1058 1381 literas
1080 1340 1152 1381 vere
1169 1317 1272 1383 bonas

137 1401 291 1464 didicerit.
339 1399 431 1463 Tales
465 1421 533 1482 ego,
567 1404 604 1464 ut
636 1401 777 1464 modeste
813 1403 888 1483 quia
911 1402 950 1465 de
973 1424 1022 1465 me
1050 1404 1173 1484 loquar,
1205 1425 1271 1467 non

137 1486 188 1566 pie
222 1486 323 1549 solum
357 1485 412 1548 sed
445 1487 541 1549 etiarn
578 1490 764 1550 constanter
798 1508 878 1550 amo.
924 1486 1035 1570 Neque
1068 1488 1100 1552 id
1131 1488 1273 1553 testibus

137 1576 218 1651 eget.
265 1571 342 1634 Cum
368 1569 520 1652 ejusmodi
545 1571 689 1635 amiculis
707 1573 780 1653 joca
802 1574 882 1637 seria
899 1574 1024 1654 etquid
1043 1573 1130 1638 non?
1167 1573 1272 1638 liben-

135 1658 259 1720 tissime
281 1658 488 1720 communico.
536 1655 614 1720 Nam
639 1657 700 1721 nisi
723 1680 771 1720 res
793 1659 840 1721 ita
863 1657 1004 1738 haberet,
1028 1680 1093 1722 non
1118 1658 1270 1723 donarem

137 1745 186 1805 tot
210 1764 311 1823 nugas
343 1748 434 1806 tanta
459 1742 611 1817 ,libertate
646 1744 847 1824 ineptiantes.
893 1743 978 1807 Laus
1012 1744 1082 1826 ipsa
1114 1744 1273 1810 Breviarii

135 1826 308 1912 jucundam
334 1827 432 1890 hahet
453 1829 596 1903 ironiam,
621 1849 683 1890 non
702 1828 814 1891 seriam
833 1830 1025 1911 opinionem.
1066 1828 1166 1893 Allusi
1183 1831 1270 1894 enirn

137 1913 177 1977 ad
201 1934 303 1977 mores
326 1913 420 1995 hujus
443 1913 570 1989 saeculi,
603 1913 686 1995 quod
720 1914 796 1977 mihi
827 1915 954 1980 videtur
983 1914 1136 1980 utilitatis
1166 1917 1274 1998 gratia

89 2056 92 2060 ,
138 2000 229 2063 deum
254 1998 365 2062 colere.
411 1998 513 2062 Nimis
528 1998 621 2062 avide
637 2004 769 2080 captant
786 2000 886 2084 stipes
903 2000 1084 2064 manuarias
1103 2005 1136 2064 et
1152 2022 1274 2084 penora

139 2085 203 2149 divi
227 2085 326 2148 Laris.
372 2083 441 2148 Non
465 2084 505 2147 ad
530 2083 648 2148 Christi
673 2106 815 2148 normam
840 2086 967 2165 vivitur,
999 2108 1079 2169 quae
1104 2108 1162 2150 nos
1186 2087 1274 2151 ultra

138 2192 245 2251 peram
268 2192 378 2251 sapere
400 2191 437 2232 ac
460 2169 498 2233 de
521 2170 659 2232 crastino
683 2170 755 2234 cibo
786 2171 927 2252 cogitare
955 2175 1051 2235 vetat.
1097 2170 1144 2234 'l‘u
1178 2171 1274 2236 facile

137 2256 223 2339 quod
253 2256 389 2338 figurate
419 2255 535 2319 dicitur
567 2256 728 2337 intelligis.
776 2255 899 2332 Quaero
922 2277 940 2319 a
962 2264 1005 2333 te,
1029 2279 1104 2321 num
1136 2256 1197 2321 tibi
1230 2258 1273 2322 sit

138 2348 234 2406 notus
268 2342 322 2423 qui
358 2346 469 2405 autore
503 2339 652 2404 Vuolsco²
689 2363 774 2405 meas
802 2342 951 2406 aedesio
978 2343 1080 2407 viculo
1113 2340 1273 2407 Leoniuo³

138 2428 303 2493 obtinuit?
348 2427 426 2490 Mihi
450 2448 579 2509 prorsus
602 2431 651 2490 est
674 2427 867 2508 incognitus.
913 2427 1019 2492 Miror.
1064 2427 1275 2493 Dicit-uresse

140 2518 216 2577 tuus
249 2513 413 2594 municeps
443 2518 476 2576 ct
503 2513 639 2576 vicarius
669 2511 840 2576 Marianus.
887 2512 952 2575 Cur
973 2536 1023 2577 me
1047 2535 1110 2577 non
1133 2512 1211 2578 facit
1236 2514 1274 2578 de

143 2600 270 2681 placitis
299 2599 467 2663 conventis
501 2599 676 2674 certiorem,
704 2603 741 2662 ut
764 2604 796 2660 et
818 2600 885 2682 ipse
908 2604 1103 2663 sartatecta
1126 2598 1274 2677 habeam,

140 2707 222 2767 quae
247 2706 315 2748 meo
341 2685 491 2748 dicuntur
513 2689 604 2765 gesta
628 2685 755 2747 nomine
772 2706 791 2746 a
807 2686 873 2748 vita
897 2684 1070 2748 defuncto?
1108 2685 1277 2768 Appetunt

142 2771 313 2835 messoriae
345 2769 449 2833 leriae.
496 2768 530 2831 ln
556 2768 615 2832 hac
638 2770 815 2832 studiorum
846 2769 1138 2834 intermissiuncula
1170 2770 1276 2834 scribe

139 2856 305 2922 verbosius
332 2856 371 2919 ad
401 2878 459 2932 me,
489 2855 641 2937 quicquid
665 2855 696 2917 in
722 2855 852 2918 buccam
883 2857 1015 2928 venerit,
1039 2854 1156 2918 sedda
1180 2855 1276 2920 bonis

138 2943 228 3007 libris
246 2943 464 3023 potissimum,
489 2962 621 3023 quorum
641 2939 819 3004 incredibili
835 2941 990 3004 desiderio
1007 2948 1125 3004 teneor.
1163 2940 1277 3024 Neque

142 3029 282 3110 suspicio
307 3027 482 3091 factionum
507 3031 539 3089 te
561 3031 697 3090 moveat.
743 3024 910 3090 Liberrimi
940 3048 1010 3090 sum
1041 3027 1147 3090 animi.
1194 3026 1276 3090 Sino

138 3116 371 3198 praeterfluere,
410 3112 495 3194 quod
533 3134 633 3176 meam
673 3133 736 3174 uon
775 3111 885 3175 turbat
929 3112 1141 3175 serenitatem.
1203 3111 1276 3176 Non

139 3199 290 3282 leguntur
324 3198 558 3274 contentiones,
594 3219 655 3260 non
687 3197 862 3260 audiuntur
889 3197 994 3279 jurgia
1017 3202 1127 3260 nostra
1149 3197 1181 3259 in
1206 3197 1278 3263 foro

139 3290 254 3349 vestro.
300 3285 369 3360 Quo
393 3285 495 3363 magis
527 3305 656 3348 securus
688 3304 757 3344 esse
788 3282 883 3346 debes
907 3288 938 3346 et
961 3283 1022 3345 frui
1056 3286 1165 3345 nostra
1198 3304 1277 3347 con-

140 3371 347 3434 fabulatione.
404 3369 521 3431 Vellem
552 3368 605 3451 jus
638 3367 729 3430 civile
764 3366 933 3431 haberetur
962 3369 1092 3431 omnino
1128 3367 1277 3432 nudum.⁸

139 3457 275 3520 lribrarii
306 3456 528 3536 promiserunt.
575 3454 622 3516 An
648 3453 766 3515 editum
791 3455 842 3529 sit,
868 3453 982 3517 nescio.
1029 3453 1082 3516 Sic
1105 3457 1280 3518 annotaret

140 3543 277 3626 quisque
310 3562 399 3604 suam
434 3540 636 3603 sententiam.
681 3537 865 3614 ,Accersius
900 3536 1119 3602 Florentinus‘
1142 3543 1174 3601 et
1197 3559 1278 3603 con·

143 3627 318 3709 discipulus
356 3625 533 3690 Odolredus
578 3621 838 3687 Beneventanus⁸
883 3623 1030 3705 (uterque
1067 3623 1150 3686 euim
1189 3623 1280 3688 dedit

143 3736 269 3796 operam
297 3712 396 3775 Azoni
425 3706 649 3788 Bononiensi⁷l
680 3729 789 3790 parum
826 3710 948 3772 erudita
980 3708 1066 3790 leges
1100 3715 1278 3791 exponunt.

146 3799 311 3863 Ambobus
334 3818 392 3878 ego
421 3796 607 3877 scriptorem
643 3798 770 3876 propter
803 3798 926 3875 gratam
964 3794 1152 3858 brevitatem
1187 3799 1280 3858 ante-

146 3905 239 3969 pou0.
285 3883 369 3958 Vale.
415 3881 467 3944 Xl.
493 3879 558 3943 Cal.
583 3878 726 3943 Sextilis.

303 3981 457 4049 Autograph
476 3980 524 4033 aut
539 3980 585 4032 der
602 3976 748 4046 Meiningcr
765 3976 1071 4045 Gymnasialbibliothelr.
1111 4041 1114 4047 Ι

215 4160 356 4224 'haesere
384 4170 505 4223 Adresso.
576 4167 693 4221 ²Siruou
716 4166 835 4220 Voltelrc.
872 4164 930 4232 Vgl.
949 4164 993 4217 Br.
1011 4164 1070 4220 490.
1142 4164 1282 4219 tranan-

152 4255 235 4307 gasse.
271 4238 330 4306 Vgl.
350 4240 375 4292 S.
396 4240 428 4291 15
447 4239 476 4290 A.
496 4237 519 4290 2.
591 4235 695 4288 ⁴Ohne
713 4235 755 4287 die
773 4234 947 4287 Glossatorcn.
1018 4232 1204 4288 ⁶Frauciscus
1228 4237 1282 4288 Ac-

155 4307 260 4360 oorsius
283 4323 331 4359 aua
353 4307 469 4372 Floronz,
488 4306 507 4372 †
524 4320 569 4357 orn
591 4305 664 4368 1260,
684 4303 836 4356 bou‘ihmtcr
853 4301 987 4356 Glossator·
1004 4302 1050 4355 des
1068 4302 1143 4368 Corp.
1158 4302 1211 4367 jur.

189 4375 362 4428 ⁰Odor'redus
384 4372 514 4427 Denarius
537 4373 746 4436 Beneventanus
763 4370 848 4424 Jurist
865 4370 912 4423 des
931 4371 971 4423 13.
989 4370 1042 4437 Jh,
1064 4369 1164 4423 Lehrcr
1183 4368 1212 4422 in
1229 4369 1283 4424 Bo·

152 4444 239 4511 ]ogne.
313 4445 322 4476 ⁷
339 4443 449 4496 Porcius
467 4447 530 4509 Aac,
548 4440 654 4508 Bologn.
673 4438 865 4498 Rechtslehrer,
883 4439 902 4504 †
922 4438 997 4492 1200.
