2774 4966
560 587 670 657 liutius
687 617 722 656 au
742 589 842 657 llrbuu.
1203 603 1267 669 205

143 772 202 840 iuro
220 775 456 850 submoverent,
479 773 662 854 dejicerent.
707 770 787 835 Turn
811 772 857 834 ita
878 772 998 836 tacitus
1021 795 1156 836 mecum:
1181 773 1266 838 Crux

146 861 291 942 populum
327 860 457 933 cruciat,
487 864 519 921 et
551 879 641 920 nemo
671 862 719 920 est
752 878 844 938 quem
877 878 938 920 non
970 880 1029 921 sua
1051 880 1139 930 crux,
1163 860 1193 922 id
1218 866 1267 924 est

150 963 199 1007 sue
222 944 418 1027 perturbatio
442 943 529 1005 velut
553 943 648 1005 Furia
672 942 784 1004 faculis
802 949 925 1004 armata
940 945 1109 1005 excruciet.
1150 944 1265 1015 Unum.

154 1041 208 1089 ne·
239 1030 383 1098 mentiar,
419 1029 449 1091 in
483 1028 542 1090 hac
574 1027 787 1109 trepidatione
821 1035 973 1107 motuque
1011 1029 1094 1090 civili
1129 1032 1267 1107 graviter

156 1108 220 1189 lero,
241 1115 324 1195 quod
348 1118 479 1176 'serrutus
500 1113 606 1194 posuit
622 1113 803 1193 episcopum
824 1113 854 1172 in
872 1113 1000 1174 ruinoso
1017 1114 1265 1193 propugnaculo

157 1201 225 1274 quod
250 1204 299 1262 est
326 1222 346 1262 a
374 1204 464 1277 tergo
497 1197 609 1259 domus
644 1195 740 1258 meae.
786 1196 816 1258 ls
849 1197 1004 1278 speculari
1038 1202 1069 1261 et
1102 1199 1267 1280 explorare

159 1281 273 1366 desuper
302 1285 411 1348 omnia
442 1287 557 1363 potest,
579 1303 661 1363 quse
683 1281 765 1344 liunt
789 1288 820 1343 et
843 1281 992 1344 dicuntur
1015 1305 1034 1344 a
1056 1282 1158 1346 nobis.
1204 1283 1267 1348 Sed

158 1368 307 1433 auditurus
339 1370 528 1449 visurusque
563 1366 640 1429 nihil
671 1370 729 1441 est,
760 1366 845 1447 quod
869 1366 961 1447 culpa
993 1367 1054 1430 dici
1090 1368 1267 1450 praeditum

151 1456 251 1528 possit.
295 1453 447 1517 Famulus
474 1452 560 1515 dicto
589 1472 654 1514 non
680 1450 876 1515 audientesb
905 1451 1083 1533 objurgare,
1111 1457 1268 1535 castigare

148 1536 214 1602 tum
237 1539 328 1602 verbo
351 1537 491 1601 clamoso
514 1541 582 1600 tum
607 1536 683 1599 diris
705 1537 832 1599 interim
855 1537 1039 1600 verberibus
1055 1538 1148 1620 culpa
1165 1546 1266 1616 vacat,

139 1619 237 1688 sicuti
278 1630 381 1687 vacat.
440 1622 527 1685 luter
572 1623 861 1685 consternationem
908 1622 989 1685 hanc
1030 1624 1269 1706 tumultumque

135 1714 329 1772 nocturnum
354 1707 496 1772 accidere
519 1706 630 1781 multa,
652 1728 733 1787 quae
749 1706 809 1769 tibi
824 1707 947 1770 urbano
964 1706 1131 1788 facetoque.
1147 1710 1267 1773 homini

131 1788 274 1857 ridicula
296 1793 498 1857 videbuntur.
543 1791 655 1855 Lotius
679 1796 709 1854 et
733 1791 868 1854 Russus¹
894 1793 956 1855 duo
977 1795 1140 1873 pecuniosi
1158 1796 1267 1859 Potitii

129 1885 349 1943 cucurrerunt
371 1880 412 1942 ad
435 1879 520 1952 deos,
544 1878 661 1958 quibus
684 1899 793 1940 eurum
819 1899 910 1940 suum
941 1879 1037 1941 veluti
1066 1880 1268 1960 depositariis

128 1960 351 2028 tradiderunt.
398 1962 498 2027 Stulti
523 1961 666 2025 homines
697 1963 828 2025 credunt
860 1969 984 2026 statuas
1008 1969 1040 2026 et
1062 1965 1153 2045 signa
1187 1968 1268 2029 tueri

125 2060 236 2135 posse
256 2054 337 2113 aute
360 2071 430 2112 sese
452 2053 535 2111 aut⁰
558 2048 671 2112 aliena.
719 2047 895 2110 Falluntur.
939 2047 1121 2130 Sacrilegia,
1146 2051 1268 2124 caedue,

124 2135 296 2209 incendia,
319 2136 421 2197 victor
445 2133 540 2196 audet
564 2137 595 2194 el.
620 2132 739 2195 nullum
765 2154 827 2194 non
852 2132 986 2195 facinus.
1033 2133 1121 2209 Quod
1146 2142 1269 2199 evertet

124 2231 142 2270 o
174 2221 275 2283 nubis
297 2219 439 2282 salutifer
465 2218 725 2299 tlreanthroposd
749 2217 895 2281 Christus
917 2219 1018 2281 Jesns.
1066 2220 1175 2283 limen.

293 2319 355 2372 Cod.
373 2317 440 2372 Frcl.
457 2317 500 2370 84.

130 2489 257 2575 (Gom)
666 2490 735 2553 157.
943 2507 1001 2570 (vor
1019 2506 1059 2560 24.
1077 2507 1140 2559 Juni
1160 2509 1270 2576 1511?)²

513 2613 658 2684 Mutian
681 2635 729 2684 an
754 2614 893 2685 Urban.

134 2723 302 2806 (Hamas
312 2741 440 2810 spanum
450 2742 500 2794 aas
511 2741 683 2808 summaer
692 2742 853 2805 ravenue,
863 2743 967 2796 usura
977 2743 1063 2795 cerer
1076 2744 1106 2796 o.
1117 2745 1268 2809 Sclrvcer'ser,

133 2793 182 2845 aa
203 2809 339 2874 [astrea
356 2810 488 2873 amna,
508 2810 630 2873 messa,
655 2811 770 2863 emam
794 2812 883 2863 amre.
921 2811 972 2863 roa
989 2812 1032 2864 aas
1050 2812 1176 2879 necarer
1209 2814 1270 2865 ver.

136 2861 256 2930 &mrim
272 2879 329 2931 Jot.
348 2878 481 2931 Heredum
500 2879 557 2931 urrd
573 2878 616 2929 dic
640 2879 868 2945 lerdiamdunpen
886 2880 932 2932 der
949 2880 1072 2943 Priestcn
1090 2881 1149 2933 reat!
1166 2900 1194 2932 er
1206 2883 1271 2934 olene

182 2943 236 2998 dus
253 2948 409 3000 &hument
424 2947 565 3015 pestorbcn.
600 2947 702 2998 Prodere
719 2965 769 3000 coa
794 2936 999 3016 llbrrsctxunyen
1017 2949 1062 3001 rire
1080 2949 1224 3017 Ileutselec.)

515 3060 556 3111 Η.
574 3060 703 3111 Urbano
720 3062 764 3111 M.
783 3061 894 3113 Rufius.

146 3240 151 3252 ⁸
244 3169 275 3234 S.
320 3170 387 3252 Ego
410 3172 496 3235 soleo
520 3170 632 3234 mirum
658 3173 690 3234 in
715 3173 841 3236 modurn
867 3174 987 3251 laetari,
1005 3175 1131 3257 quoties
1147 3175 1267 3256 aliquid

144 3258 270 3322 iucundi
295 3257 333 3321 de
356 3257 467 3320 amicis
489 3258 593 3321 audio.
640 3258 774 3332 Quando
799 3281 870 3322 vero
894 3259 1016 3336 siletur,
1047 3282 1169 3342 semper
1199 3282 1267 3323 suni

148 3341 289 3430 suspicax
328 3350 360 3406 et
396 3343 493 3405 timeo
531 3343 646 3425 pejora.
707 3341 864 3422 Georgius
902 3344 1039 3408 Sweizer
1077 3346 1268 3408 musicorum

152 3430 553 3509 lrlnceps,carusnost1·is
584 3428 728 3501 ducibus
763 3430 900 3492 donatus
934 3431 1122 3493 canonicatu
1162 3432 1270 3493 Alien-

156 3501 265 3603 bnurgio,
289 3518 422 3577 mortem
446 3513 538 3576 obiit.
585 3513 715 3576 Plurimi
741 3516 897 3591 ambiunt,
915 3517 1063 3596 flagitant
1079 3517 1269 3598 importune.

160 3582 243 3670 bpero
264 3620 375 3662 omnes
403 3598 520 3662 frustra
545 3600 613 3672 niti,
649 3602 907 3680 superioremque
937 3605 1061 3664 eunctis
1083 3603 1114 3664 in
1139 3605 1269 3682 gratie⁰

163 3669 241 3744 luisse
262 3690 294 3746 et
316 3706 386 3747 esse
408 3683 619 3766 Spelatinum.
664 3685 707 3745 De
724 3707 787 3764 quo
805 3707 862 3749 nos
879 3684 1067 3749 Vestaliurn⁸
1083 3687 1268 3750 tabellarius

166 3768 292 3832 certiores
326 3769 412 3832 brevi
448 3769 552 3833 faciet.
601 3771 671 3831 lleri
695 3771 898 3851 sepelivimus
928 3795 1026 3834 unum
1051 3796 1089 3834 ex
1114 3774 1269 3854 proscrip-

165 3852 248 3916 torum
283 3855 490 3932 octovir·atu,⁸
533 3855 747 3918 Hersbaclrum
789 3860 924 3932 nomine,
964 3880 1064 3920 nreurn
1105 3858 1268 3921 ricinum‘

165 3980 345 4001 *-

213 4070 286 4110 ⁸nou
306 4057 380 4110 lma.
439 4059 617 4113 bobodientes
638 4060 711 4111 Ymrx.
770 4063 823 4111 eet
844 4059 916 4111 Tene.
978 4060 1174 4125 ἀθεᾰνθρωπος
1193 4060 1268 4116 Tenc.

161 4130 170 4159 ι
229 4129 242 4139 ··
399 4127 405 4160 τ

176 4123 199 4268 ,ὑῒ
211 4122 432 4247 'suppanlgppkopqqi
450 4195 542 4258 (lotha,
562 4213 613 4248 von
631 4198 713 4249 denen
727 4198 773 4248 dcr
786 4197 877 4248 avvoite
896 4195 935 4248 als
954 4197 1080 4262 ‹reor-gius
1094 4197 1149 4249 ltus
1161 4197 1269 4251 Schola-

156 4261 225 4313 neus
254 4262 423 4316 rese-1522
450 4265 475 4315 in
503 4265 653 4330 Sagittae
684 4265 749 4316 illst..
777 4266 852 4332 llptlr.
873 4266 912 4316 od.
931 4265 1006 4316 Tonz.
1027 4283 1050 4332 p.
1069 4268 1102 4317 le
1121 4267 1269 4332 uulgcliilnt

155 4328 216 4382 vird.
249 4321 323 4384 Uber
339 4331 431 4385 Intius
450 4332 500 4400 vgl.
520 4333 544 4386 S.
565 4334 598 4384 98
617 4337 646 4384 Λ.
666 4335 689 4384 3.
761 4334 861 4385 *Uber
890 4333 937 4385 dus
963 4333 1058 4385 Datum
1078 4335 1128 4401 vgl.
1147 4336 1206 4402 iulg.
1226 4334 1269 4386 Br.

152 4397 223 4451 'Des
251 4399 474 4453 Nonnuntlosters
502 4401 527 4452 in
556 4404 649 4454 llotlra.
720 4401 804 4453 *t'on
832 4403 882 4453 don
912 4402 1076 4454 ontllnlroncn
1104 4404 1267 4455 Aelnhenun

149 4464 190 4519 des
213 4466 332 4521 Erfurter
357 4468 515 4537 Magistros.
544 4470 586 4522 dio
614 4486 673 4521 aum
704 4470 759 4521 Tell
778 4470 802 4521 in
828 4471 912 4521 tlotlm
938 4470 1033 4522 lclrton.
1105 4472 1185 4522 ³ller
1214 4471 1271 4523 trior

225 4540 271 4590 nte
288 4537 323 4590 ist
339 4537 414 4590 liuns
432 4537 597 4591 liirschbuch
615 4541 661 4590 aul
678 4540 736 4591 dem
757 4542 851 4604 Angor,
880 4538 978 4590 Senior.
1016 4538 1270 4603 l'ulckcnstein,

169 4604 175 4614 ‘
216 4605 258 4658 rie
281 4621 307 4658 r.
330 4604 383 4660 se.
402 4605 424 4674 L
440 4606 500 4659 488.
538 4606 589 4660 Der
611 4607 638 4658 iu
664 4606 706 4659 Br.
736 4608 786 4659 345
814 4607 861 4659 dos
888 4606 949 4660 Cod.
979 4610 1107 4675 gouuuute
1137 4607 1271 4661 lohannes
