2774 4966
557 619 663 674 Mutius
681 632 716 673 au
733 613 834 671 Urbau.
1193 616 1256 685 395

132 794 232 848 sericam
258 795 373 849 Erbteile
389 794 430 848 bis
440 795 507 863 jetxt
524 793 590 846 norb
604 791 907 929 bqictqghgquqamnmen
929 790 983 843 hot.
1017 789 1258 859 Baeterueeremmp

634 879 644 914 a
772 901 777 913 .

339 979 379 1030 Η.
397 977 534 1035 Urbano,
551 976 619 1026 viro
638 975 854 1034 eruditissimo,
877 975 921 1024 Μ.
939 972 1050 1025 Rubra.

238 1088 269 1153 S.
315 1088 369 1151 Vel
401 1088 592 1151 clarissimus
629 1087 738 1150 doctor
772 1091 804 1149 et
832 1087 985 1169 interpres
1019 1084 1251 1168 proverbiorum

138 1174 296 1251 Erasmus,
321 1174 507 1256 elegantiori
530 1173 673 1236 doctrina
689 1179 721 1236 et
736 1172 888 1254 singulari
908 1171 1057 1235 facundia
1079 1172 1254 1245 decoratus,

137 1261 212 1339 fuit3
243 1283 337 1336 nunc,
366 1282 446 1342 quae
475 1258 611 1322 fatorum
642 1260 795 1340 iniquitas
818 1264 875 1332 est,
899 1258 1073 1322 cinefactus
1108 1255 1255 1320 extabuit

135 1351 167 1411 et
194 1348 390 1429 acquiescit'
438 1345 571 1409 Ademta
598 1345 691 1408 bonis
723 1345 892 1409 oblectatio
916 1350 948 1407 et
970 1365 1094 1407 summa
1126 1342 1252 1424 quidem

135 1432 269 1507 utilitas,
285 1434 348 1496 imo
365 1455 437 1514 spes
454 1430 618 1513 quaedam.
663 1430 744 1494 Nam
761 1432 934 1512 scripturus
959 1434 1026 1493 erat
1048 1431 1080 1493 in
1105 1427 1255 1512 epistolas

135 1519 236 1594 Pauli,
271 1520 365 1582 etiam
400 1516 570 1598 colligebat
604 1519 827 1581 annotationes
850 1519 881 1580 in
905 1538 1009 1580 sacras
1040 1516 1148 1578 literas
1179 1535 1254 1578 eon·

135 1627 228 1668 sensu
264 1606 427 1688 petituque
461 1603 686 1666 studiosorum.
740 1602 829 1679 Quod
864 1606 968 1666 autem
1004 1602 1113 1664 vivens
1146 1599 1255 1677 edidit,

135 1696 310 1773 acceptum·
323 1690 363 1754 ab
386 1689 472 1752 omni
495 1688 603 1752 schola
627 1693 658 1752 et
681 1689 847 1771 probatum
872 1694 928 1752 est.
974 1688 1050 1764 Quis
1080 1689 1162 1750 enim
1190 1708 1254 1750 non

137 1777 279 1840 laudaret
310 1782 341 1840 et
375 1775 581 1839 admiraretur
618 1779 681 1838 tam
718 1773 851 1838 electum
887 1775 1009 1838 dicendi
1044 1795 1152 1855 genus,
1187 1776 1255 1837 tam

136 1863 254 1927 cultam
278 1863 498 1937 eruditionem,
522 1861 582 1924 nisi
605 1860 684 1924 torte
701 1863 766 1924 sint
781 1861 923 1924 nonnulli
941 1883 979 1923 ex
996 1855 1255 1923 theobardorum²

137 1949 281 2024 diatriba,
317 1950 371 2032 qui
406 1948 517 2010 malint
549 1947 586 2009 de
616 1946 702 2011 faece
736 1947 870 2010 haurire.
917 1947 1031 2009 limisit
1064 1945 1115 2009 bic
1149 1949 1255 2008 noster

137 2035 310 2117 corporalia
343 2036 436 2107 bona,
469 2033 522 2096 sed
556 2034 696 2114 possidet
728 2040 857 2097 aeterna
893 2037 925 2096 et
959 2032 1083 2095 laudern
1118 2031 1254 2095 nominis

136 2122 353 2185 immortalem.
400 2120 492 2182 Hunc
522 2141 579 2200 ego
607 2121 760 2183 arbitrum
784 2126 816 2183 et
839 2120 1024 2202 magistrum
1055 2118 1255 2201 eloquentiae

139 2230 201 2272 uun
225 2229 353 2290 possum
378 2227 439 2271 non
465 2206 612 2287 prosequi
635 2207 770 2287 eulogio.

441 2290 557 2355 Gavisa
579 2304 628 2354 est
650 2293 777 2374 politior

444 2378 627 2441 humanitas
652 2377 809 2442 Erasmico

442 2465 573 2547 scripto:
599 2464 683 2545 quod
706 2463 890 2528 assectarier

442 2550 534 2615 multi
556 2550 677 2630 volunt,
701 2551 810 2633 paucis
834 2551 942 2615 datum

443 2638 509 2718 pari
532 2636 640 2700 truisci
655 2648 669 2677 ⁸
690 2638 800 2720 gloria.

442 2723 534 2787 Nunc
556 2729 645 2787 muta
667 2729 716 2787 est
738 2724 866 2808 politior

443 2808 625 2873 humanitas
648 2811 781 2876 interit-u

441 2895 604 2978 scriptoris
626 2897 841 2962 illustrissimi.

238 2982 310 3044 Vite
345 2981 467 3062 longior
500 2982 525 3045 si
562 2984 747 3065 contigisset
780 2983 911 3059 homini,
946 2982 1139 3048 defendisset
1172 2982 1256 3048 baud

139 3065 234 3130 dubie
259 3066 424 3149 Capniona
453 3073 595 3132 nostrum
619 3069 659 3132 ab
682 3070 735 3133 illa
757 3070 870 3135 rabida
896 3069 1100 3153 iurgiosaque
1128 3069 1257 3135 Coloni·

138 3154 259 3216 ensium
301 3154 512 3234 sophistarum
557 3154 777 3220 insectatione.
840 3157 1051 3221 aversabatur
1088 3158 1170 3222 euim
1208 3177 1256 3221 res

138 3241 258 3317 inanes,
281 3243 389 3309 tetras,
414 3240 600 3322 implicatas.
647 3240 766 3306 Contra
797 3242 923 3306 colebat
952 3243 1116 3307 verborum
1140 3242 1257 3308 mulce·

138 3327 239 3388 dinem
274 3349 330 3388 nec
362 3328 468 3389 minus
501 3327 711 3407 cognitionem
750 3331 941 3412 optimarum
974 3352 1087 3403 rerum,
1123 3335 1154 3393 et
1188 3351 1257 3394 meo

134 3411 253 3493 judicio
284 3413 484 3476 doctissimus
514 3417 581 3474 erat
610 3413 847 3479 Germanorum.
894 3417 983 3491 Quod
1012 3417 1257 3480 humanissimus

138 3505 169 3561 et
198 3501 396 3561 comissimus
424 3500 471 3560 vir
501 3497 737 3579 Engelmaunus
766 3524 821 3584 pro
849 3503 957 3565 nativa
980 3525 1037 3565 sua
1061 3502 1257 3584 benignitate

137 3585 284 3647 mulctam
311 3586 401 3649 nobis
425 3585 544 3648 remisit
568 3592 600 3646 et
622 3586 744 3668 culpam
770 3587 987 3662 coridouavit‚⁸
1011 3586 1186 3669 jucundum
1209 3592 1258 3653 est

138 3670 222 3734 mibi.
269 3672 463 3756 Quamquam
499 3676 531 3733 et
559 3677 593 3733 tu
625 3673 748 3735 veniam
783 3674 884 3749 dares,
918 3676 944 3736 si
979 3696 1106 3738 causam
1129 3675 1256 3757 penitus

138 3759 366 3838 introspiceres.
413 3757 621 3821 Tabellarium
653 3758 768 3822 laniis‘
792 3760 951 3840 quaesivit
973 3760 1003 3823 iu
1028 3761 1113 3824 omni
1139 3761 1256 3843 angulo

137 3843 230 3923 hujus
262 3844 379 3924 oppidi,
411 3844 538 3906 tandem
571 3843 681 3907 incidit
709 3846 742 3906 iu
772 3844 1007 3911 frumentariam
1039 3846 1198 3911 sedentem
1222 3848 1254 3912 in

138 3930 280 3992 convivio
318 3930 460 4012 nuptiali.
506 3928 601 3992 Dedit
633 3931 753 4004 literas,
788 3930 842 3993 illa
873 3933 987 3996 annuit
1016 3937 1047 3996 et
1078 3954 1131 4015 por
1165 3942 1255 3998 tuum

204 4200 217 4226 n
232 4186 324 4237 truisti.

208 4257 214 4285 ¹
235 4255 286 4307 llas
306 4256 422 4307 ttoriictrt
440 4272 500 4306 unm
518 4255 586 4307 'lodo
604 4257 650 4308 des
668 4256 794 4308 Erasmus
813 4256 969 4323 verbreitete
987 4256 1045 4310 sich
1064 4259 1141 4311 btters
1159 4257 1255 4325 grund-

136 4320 175 4373 los
203 4324 255 4374 und
282 4331 362 4375 entare
389 4325 461 4375 scine
491 4324 618 4376 Veretum·
644 4326 670 4376 in
697 4324 852 4378 Sirhreclren.
888 4315 961 4378 Uber
987 4326 1111 4379 Erasmus
1135 4327 1186 4394 vgl.
1212 4325 1255 4379 die

136 4396 261 4443 nonesten
280 4394 408 4444 Schriften
428 4393 566 4445 burano
585 4395 620 4444 dc
639 4393 749 4458 Laura,
769 4395 827 4447 Pur.
848 4395 920 4447 1872.
950 4395 1253 4452 Drummoud.1nud.

139 4459 211 4511 1873.
240 4461 956 4516 Horan'itz:Ernsniinnal.llll'ien18i8.1880.
983 4463 1254 4518 Erasinusultottar·
1322 4487 1325 4492 ·

138 4529 197 4580 dam
216 4545 241 4583 u.
253 4529 328 4582 blart.
347 4531 459 4598 lipsius.
479 4530 558 4582 Wiou
578 4530 651 4583 1882.
706 4530 794 4585 ²Statt
811 4531 1000 4600 theologorum.
1018 4532 1066 4585 mit
1083 4534 1144 4586 dem
1162 4533 1253 4586 Sinna:

137 4596 286 4651 soblecbter
302 4599 455 4666 Theologou.
508 4600 518 4632 ³
535 4599 589 4652 rur
606 4600 656 4652 deu
673 4616 716 4652 am
735 4601 775 4655 25.
796 4600 862 4655 Nov.
876 4601 951 4654 nicht
963 4601 1099 4656 bezablteu
1116 4601 1253 4655 ›Katbrim

137 4664 212 4722 zius«.
248 4667 307 4737 Vgl.
326 4668 370 4723 Br.
388 4670 446 4722 319.
465 4668 516 4723 320
534 4670 586 4722 und
605 4669 654 4722 den
672 4668 730 4738 fulg.
801 4669 949 4724 ‘Urbicus
984 4669 1009 4726 S.
1028 4669 1078 4725 289
1096 4672 1128 4725 Α,
1146 4674 1172 4725 1.
