2774 4966
125 596 189 659 140
509 597 595 652 Briefe
613 614 664 652 ron
683 598 861 655 uae-laos.

128 767 222 830 luunt
245 792 388 846 scauro,
413 770 475 833 imo
500 770 606 845 calice,
630 771 692 833 imo
718 771 802 832 virro.
849 770 988 834 Veniunt
1011 771 1108 852 igitur
1131 771 1263 853 prolati,

128 874 189 915 non
215 855 318 927 diluti,
343 856 471 930 madidi,
498 878 559 918 non
586 856 702 937 pavidi,
732 856 905 937 spectaturi
930 878 994 918 non
1018 863 1083 919 tam
1109 878 1263 938 personas

125 943 157 998 et
174 947 377 1020 personatum
394 941 629 1017 antichristum,
644 962 739 1021 quam
753 940 874 1023 puellas
889 945 922 1003 et
934 947 1096 1004 matronas
1112 942 1260 1004 rusticas.

129 1024 209 1099 Quid
235 1025 349 1107 plura?
393 1027 442 1088 lta
465 1027 578 1107 spiritu
603 1026 715 1106 repleti
739 1032 824 1102 sunt,
849 1031 885 1089 ut
907 1027 1071 1108 spirituosi
1095 1027 1171 1102 sint,
1196 1047 1260 1091 noo

125 1113 233 1173 tamen
256 1112 454 1193 spirituales3
478 1111 606 1192 turgidi,
631 1111 686 1173 sed
709 1112 814 1173 minas
838 1111 1010 1189 Phacclro',
1036 1111 1126 1193 cujus
1149 1112 1262 1193 adipes

127 1195 205 1257 mira
229 1197 470 1277 pinguetudine,
495 1202 586 1258 nates
610 1201 700 1259 rasta
723 1197 867 1259 crassitie
891 1198 1110 1278 protuberent.
1154 1196 1261 1261 lucre·

127 1278 234 1352 dibile,
259 1287 415 1362 quantum
440 1284 466 1345 is
489 1282 639 1359 creverit3
662 1303 716 1362 pro
735 1281 880 1345 Pbaccbo
898 1281 1047 1346 Crassum
1071 1282 1259 1364 appellares.

127 1363 265 1430 'lautum
289 1373 346 1430 est.
395 1367 476 1431 Vale.
1228 1376 1242 1402 ⁴

279 1467 341 1520 Cod.
359 1467 426 1520 le.
447 1469 510 1522 147.

127 1634 244 1703 (Gotho.)
664 1622 732 1684 115.
998 1636 1080 1704 (nach
1097 1636 1152 1690 Mai
1172 1637 1263 1707 1509.)

506 1748 649 1817 Mutian
673 1768 721 1816 au
745 1745 885 1816 Urbau.

127 1873 215 1939 (aire,
246 1891 282 1925 ua
311 1875 359 1926 deu
390 1875 598 1941 rinercsrr'cdcnen
629 1875 755 1943 Spalatin
785 1874 947 1926 omakncnd
975 1891 1011 1925 eu
1040 1873 1175 1927 coarctem
1203 1874 1264 1927 und

127 1942 289 1994 rranrentlr'et
306 1942 463 2011 Mdsmyrrnp
482 1944 520 1996 im
540 1943 625 1995 Enseu
641 1943 698 1995 und
716 1942 829 1994 Trinkcn
847 1959 884 1994 au
900 1959 942 1994 cm
959 1941 1051 2008 scalen.
1081 1941 1135 1994 Der
1146 1941 1248 2009 xusdll'

128 2011 278 2063 anuescndc
295 2011 514 2064 Karremerdrcner
531 2011 671 2064 Friedrich
687 2011 788 2063 erratilt
805 2027 854 2062 voa
969 2010 1014 2062 ias
1035 2010 1175 2063 Gareatbei
1185 1958 1264 2078 Hoz

324 2079 374 2131 Dic
398 2080 590 2147 t'rrterlraltrmp
607 2079 691 2132 decret
712 2078 838 2146 Staupitx
856 2078 1063 2144 untcrbroclreral

503 2194 544 2243 Η.
563 2193 692 2243 Urbano
710 2193 754 2243 Μ.
771 2191 882 2243 Rufus.

231 2285 262 2348 S.
312 2285 509 2371 Xerpoupyol
538 2291 691 2370 potantur
719 2309 786 2349 esse
819 2286 961 2350 crudeles
984 2286 1017 2348 in
1040 2284 1264 2350 curationibus

128 2371 372 2445 vulneratorum,
414 2374 489 2436 dum
522 2372 672 2455 intrepidi
709 2373 847 2435 remedia
882 2373 1051 2453 imponunt
1074 2377 1107 2435 et
1128 2372 1263 2453 perinde

128 2456 250 2520 faciunt
265 2460 381 2532 omnia,
399 2482 436 2521 ac
452 2459 478 2520 si
496 2458 602 2522 nullus
618 2482 657 2520 ex
674 2459 810 2521 clamore
826 2457 957 2520 alterius
972 2457 1107 2520 affectus
1128 2457 1263 2521 oriatur.

126 2541 195 2622 Ego
217 2564 424 2607 succursuros
447 2546 549 2607 amico
572 2566 634 2608 non
661 2544 847 2607 mediocrem
872 2565 963 2625 opem
986 2543 1092 2616 attuli,
1114 2542 1168 2605 sed
1186 2543 1263 2606 dum

127 2628 257 2692 vulnera
281 2630 312 2690 in
344 2651 380 2692 eo
411 2652 570 2704 sanamus,
608 2629 742 2712 pueriles
776 2629 842 2691 edit
875 2630 1003 2710 vagitus
1036 2636 1068 2691 et
1104 2628 1262 2693 medicum

127 2718 221 2795 putat
242 2737 311 2777 esse
325 2716 612 2778 immisericordem.
660 2714 741 2777 Fieri
760 2736 821 2778 non
840 2718 954 2795 potest,
972 2726 1008 2776 ut
1025 2716 1104 2777 citra
1120 2713 1262 2777 dolorem

127 2798 225 2861 animi
248 2800 376 2863 morbos
399 2802 563 2884 exstirpes.
609 2801 658 2863 lta
683 2805 796 2863 natura
819 2804 1038 2881 comparatum
1056 2805 1114 2875 est,
1131 2805 1167 2862 ut
1183 2799 1264 2863 vitia

128 2884 221 2947 uobis
259 2885 472 2963 blandiantur,
513 2887 630 2949 veritas
667 2908 775 2948 amara
809 2886 851 2948 sit
884 2892 989 2965 gustu.
1048 2884 1127 2948 Nam
1166 2885 1264 2948 homo

127 2970 267 3052 alioquin
303 2973 423 3034 amicus
448 2979 477 3035 et
502 2973 615 3035 doctus
638 2993 687 3034 me
716 2971 806 3051 quasi
842 2971 1074 3034 criminatorem
1113 2971 1264 3047 aversari,

128 3077 190 3118 non
215 3062 251 3119 ut
275 3058 462 3119 monitorem
491 3057 626 3120 libenter
657 3057 766 3120 audire
800 3057 933 3118 videtur.
979 3056 1039 3132 Qui
1076 3056 1159 3119 bono
1195 3056 1264 3119 zelo

130 3142 277 3223 castigat,
302 3164 365 3205 non
391 3143 613 3214 calumniatur,
638 3148 669 3204 et
693 3143 878 3222 quiveram
904 3142 991 3217 dicit,
1024 3163 1085 3203 non
1112 3141 1264 3204 detrahit.

127 3226 280 3290 Remotus
311 3228 352 3291 ab
376 3228 495 3292 invidia
524 3234 556 3291 et
578 3229 651 3291 odio
675 3227 844 3290 reformare
875 3227 961 3290 volui
994 3232 1137 3290 sanctam
1175 3224 1263 3289 illam

128 3312 320 3376 fatuitatem.
383 3313 460 3377 Dedi
506 3315 652 3396 clipeum,
691 3335 753 3393 quo
794 3314 990 3375 morositatis
1028 3316 1059 3373 et
1097 3311 1265 3379 molestiae

130 3399 266 3479 sagittas
288 3398 462 3479 repelleret.
507 3400 553 3464 Eo
577 3402 602 3462 si
627 3403 778 3469 uteretur,
804 3419 867 3461 non
898 3396 1071 3461 declinaret
1092 3418 1146 3459 cor
1169 3418 1262 3460 suum

129 3484 161 3546 in
196 3484 292 3546 verba
326 3484 477 3559 malitiae,
512 3487 567 3547 aed
601 3485 640 3548 ad
675 3484 871 3547 subtiliorem
904 3483 1099 3546 intellectum
1136 3488 1265 3564 cogeret

129 3569 281 3645 animum,
315 3570 421 3632 minus
453 3571 582 3646 doleret,
615 3571 729 3632 laetius
763 3570 892 3631 viveret.
938 3569 1066 3632 Grande
1097 3573 1263 3649 peccatum

128 3659 176 3717 est
198 3655 303 3717 odisse
326 3655 560 3736 corripientem,
584 3656 769 3735 praesertim
794 3655 820 3717 si
837 3676 968 3736 pravum
986 3675 1093 3716 amore
1112 3653 1262 3733 corrigas.

128 3738 283 3822 Corripiet
309 3763 357 3802 me
376 3741 484 3822 justus
507 3743 538 3803 in
557 3740 779 3803 misericordia.
822 3740 914 3801 Absit
930 3740 984 3802 illa
1003 3737 1092 3802 Pauli
1110 3758 1263 3801 censura:

130 3825 300 3906 „Inimicus
336 3826 425 3887 vobis
456 3826 560 3890 lactus
584 3849 652 3889 sum
678 3849 750 3888 vera
775 3825 913 3887 dicens.“
962 3824 1074 3886 Verum
1110 3824 1262 3905 quoniam

128 3911 246 3973 domini
272 3911 436 3984 astasius,
463 3934 544 3975 vana
567 3911 652 3973 salus
677 3911 829 3973 bominis:
855 3917 889 3971 tu
907 3910 1054 3991 deprome
1072 3909 1264 3973 medicinam

128 4019 167 4058 ex
199 3996 308 4060 schola
342 3998 473 4076 spiritus
508 3999 610 4060 sancti
634 4003 666 4059 et
689 3997 803 4059 studiis
839 3995 1073 4077 spiritualibus,
1104 4000 1140 4057 ut
1169 3994 1265 4057 amici

126 4069 293 4164 χειρᾶγρα,
319 4082 467 4163 podagra,
497 4083 675 4145 cachexia*
698 4081 816 4143 divinis
849 4080 977 4143 auxiliis
1010 4085 1148 4142 sanetur.
1196 4079 1265 4142 [luo

129 4167 206 4228 vitia
222 4173 428 4248 corrumpunt
446 4169 600 4231 amicum:
625 4168 763 4230 cruditas
781 4173 812 4228 et
828 4167 1002 4238 iracundia,
1019 4164 1096 4227 illud
1114 4164 1265 4245 corporis,

128 4251 188 4314 boc
226 4252 323 4314 animi
363 4254 490 4315 malum.
551 4253 723 4315 Nimietate
761 4253 823 4315 cibi
862 4259 893 4314 et
930 4257 1025 4334 potus
1063 4248 1265 4312 stomachum

129 4342 251 4399 onerat.
297 4337 424 4415 Senem,
448 4361 539 4419 quem
566 4338 697 4400 revereri
722 4338 858 4409 deberet,
893 4337 1027 4411 fastidit,
1065 4336 1137 4398 inde
1173 4334 1265 4399 tabes

201 4502 369 4608 libanotidiiar
385 4555 406 4608 F
406 4557 455 4608 ach
475 4556 621 4621 (Fabricius
638 4571 686 4608 aus
706 4555 815 4623 Vacha)‚
833 4554 901 4607 Prot.
921 4555 947 4605 in
964 4553 1065 4605 Witterr
1072 4552 1143 4620 berg.
1162 4550 1264 4621 5⁷51.ss

130 4623 147 4675 8
165 4624 196 4674 A.
217 4623 240 4676 2.
276 4613 349 4677 Uber
366 4624 457 4678 seinan
480 4624 587 4679 Besueh
609 4624 651 4677 bei
668 4623 770 4677 Mutiau
789 4622 870 4692 rergl.
889 4624 940 4675 den
956 4625 1039 4676 auten
1055 4619 1115 4689 folg.
1134 4618 1178 4675 Br.
1198 4619 1256 4676 13&
