2774 4966
128 563 168 626 10
470 562 557 617 Briete
575 563 616 617 bis
633 581 691 618 zum
711 565 811 620 Herbat
832 567 908 620 1505.

130 735 189 798 lrao
212 759 252 798 re.
299 737 365 817 ago
385 759 477 801 vocor
498 737 579 801 aeris
601 740 720 804 tinnitu
745 740 784 803 ad
807 740 859 823 pia
881 761 1040 804 murmura
1063 745 1224 824 tamquam
1240 752 1255 781 ⁸

130 821 323 903 l’yraethus¹
351 822 584 907 Cappadocum.
631 827 767 910 ltaptim.

279 924 340 978 (lod.
359 924 424 979 Frol.
442 925 483 980 4¹2.

127 1076 241 1146 (Getha.)
670 1085 698 1148 9Ι
1004 1081 1146 1150 (Pfiugston
1165 1082 1252 1152 1505.)

506 1218 649 1289 Mutian
671 1240 719 1290 au
742 1217 879 1290 Urban.

130 1329 330 1412 (chrserrdunp
361 1346 434 1397 einer
463 1347 563 1413 Schrffl
596 1347 787 1416 Wirrrphelirrua
814 1348 870 1400 rond
900 1347 993 1399 Μυσίαν
1022 1345 1109 1413 Brrct'e
1140 1345 1253 1399 Thomas

239 1413 327 1482 Wolss.
364 1414 539 1484 Empf'r’hlonp
559 1417 697 1485 Spoletina
715 1434 779 1470 xum
798 1417 893 1469 Letrer
910 1414 942 1468 in
962 1414 1149 1482 (lourpcntlrol.)

235 1537 382 1599 spectato
400 1540 433 1588 et
450 1539 622 1590 venerabili
640 1539 762 1590 domino
780 1540 820 1591 Η.
840 1538 966 1589 Urbano
985 1550 1051 1593 auo.
1075 1536 1254 1587 cellariola

385 1623 477 1674 Valle
496 1625 561 1675 dr'vi
579 1627 691 1685 eamus
708 1627 835 1687 Georgii
852 1623 907 1691 (Μ.
925 1621 1056 1692 Rufius).

232 1734 396 1799 Eruditum
422 1736 579 1800 hominem
606 1736 765 1800 Urbanum
789 1759 879 1801 suum
904 1735 1065 1799 hlutianus
1087 1733 1147 1797 hoc
1162 1733 1253 1797 char·

129 1825 219 1883 taceo
254 1821 402 1884 munere²
432 1822 552 1886 salutat
583 1829 615 1886 et
646 1830 745 1905 rogat,
780 1829 816 1886 ut
845 1822 979 1887 libenter
1002 1822 1096 1902 legas.
1143 1820 1251 1902 Neque

128 1913 239 1970 auctor
253 1909 267 1947 b
283 1907 475 1988 irreligiosus
487 1915 535 1972 ast
549 1932 649 1993 neque
661 1931 741 1994 opus
755 1909 946 1991 profanum.⁰
979 1906 1177 1972 Sanctissimi
1193 1907 1250 1969 viri

128 1992 211 2077 piam
236 2000 266 2056 at
287 1994 491 2057 christianam
516 1995 765 2060 lucubrationem
791 1995 873 2059 haud
903 2016 1078 2078 aspernare.
1105 1994 1252 2056 Auctorb

128 2079 195 2160 ipse
220 2079 312 2142 latini
335 2081 453 2143 ordinis
470 2080 560 2143 dulce
576 2083 671 2145 <leons
687 2088 845 2164 astatque
863 2081 1063 2163 praesidinm,
1090 2079 1252 2159 praeditus

130 2165 274 2229 doctrina
297 2166 398 2230 solida
422 2172 454 2230 et
476 2168 612 2244 exculta,
638 2170 774 2232 donatus
796 2192 815 2232 a
838 2169 895 2231 deo
919 2188 1050 2230 amoene
1066 2173 1097 2228 et
1113 2166 1250 2246 eleganti

131 2251 265 2333 ingenie.
314 2253 352 2316 llt
375 2257 410 2316 ut
432 2261 478 2326 tu,
512 2253 604 2318 homo
634 2255 806 2336 religiosae,
840 2254 1031 2336 integerrimi
1065 2252 1122 2315 viri
1151 2274 1252 2316 mores

131 2339 256 2420 penitus
280 2361 407 2402 noscas:
432 2341 511 2403 scito
534 2340 717 2404 tacebant
741 2363 842 2405 meum
877 2341 1033 2404 hominem
1062 2361 1129 2401 esse
1162 2338 1252 2402 valde

128 2427 404 2490 contentiosam·
451 2426 570 2491 llides‘?
615 2427 796 2511 Vituperare
827 2450 875 2490 me
903 2432 1006 2509 putas,
1035 2447 1126 2508 quem
1160 2426 1252 2488 unioe

130 2511 231 2576 laudo.
279 2512 359 2576 hudi
383 2534 510 2594 quaeso,
536 2515 682 2595 quomolo
706 2516 950 2578 contentiosus⁰
973 2515 1023 2577 sit.
1075 2511 1153 2575 Cum
1171 2511 1251 2580 divi·

130 2598 215 2661 tibus
246 2604 432 2681 paupertate
465 2603 573 2676 certat,
605 2622 675 2664 curn
705 2601 909 2663 ambitiosis⁰
936 2599 1149 2681 simplicitate,
1180 2619 1249 2662 cum

129 2684 280 2767 improbis
297 2692 328 2748 et
343 2686 517 2749 arrdacibus
540 2686 657 2769 pudore
674 2692 706 2751 et
727 2687 889 2750 modestia.
906 2691 917 2730 f
966 2683 1139 2749 Contendit
1154 2686 1250 2748 etiam

128 2792 198 2834 oum
223 2770 365 2836 barbaris
389 2772 514 2854 eloquio
539 2774 681 2850 nitido,⁸
705 2797 774 2837 curn
800 2774 914 2837 invidis
941 2779 972 2835 et
1002 2771 1146 2835 osoribus
1180 2771 1251 2834 lati·

130 2879 239 2920 norum
264 2858 470 2936 humanitate,
495 2859 618 2936 officiis
654 2860 906 2934 mansuetudine,
923 2864 954 2922 et
970 2881 1040 2922 eum
1058 2857 1251 2921 clarissimus

129 2944 172 3007 sit
201 2943 361 3009 literarum
393 2945 507 3009 studiis
530 2952 562 3009 et
583 2948 775 3023 innocentia,
799 2946 877 3008 nihil
900 2951 1005 3008 tamen
1029 2944 1091 3008 sibi
1113 2949 1250 3024 arrogat,

129 3030 184 3093 sed
207 3031 312 3093 omnia
336 3031 442 3096 divino
466 3032 619 3096 beneficio
643 3033 737 3096 refert
758 3037 896 3112 accepta.
944 3031 1026 3094 Bene
1049 3030 1134 3100 fauit.
1165 3030 1251 3111 quis·

129 3116 201 3197 quis
236 3116 288 3181 ille
318 3124 376 3189 est,
409 3118 464 3199 qui
499 3140 561 3181 non
595 3122 724 3184 inflatur
751 3118 964 3201 opinionibus
999 3140 1060 3180 aron
1084 3140 1117 3179 so
1140 3123 1172 3178 et
1194 3137 1252 3179 sua

128 3202 259 3266 nimium
284 3210 380 3279 aurat,
406 3226 466 3267 non
492 3206 616 3268 inanem
641 3206 726 3287 vulgi
749 3206 880 3287 gloriam
904 3210 1089 3287 aucupatur,
1118 3203 1171 3264 sed
1196 3203 1250 3285 qui

129 3289 211 3352 bene
245 3291 331 3353 vivit.
389 3291 465 3366 Quis
498 3298 602 3354 autem
637 3293 715 3355 hene
750 3293 836 3362 vivit,
868 3292 927 3354 nisi
950 3289 1003 3372 qni
1029 3289 1119 3352 bonis
1142 3289 1249 3363 animi,

129 3375 301 3439 virtutihus
324 3377 472 3440 scilieeth
497 3385 529 3439 et
545 3379 697 3455 doctrina,
722 3379 800 3440 bene
816 3379 940 3440 ntitur‘?
979 3377 1061 3438 Bene
1077 3382 1182 3439 autern
1201 3374 1249 3436 his

130 3462 176 3525 nti
201 3484 291 3524 namo
317 3468 429 3544 petest,
461 3465 521 3527 nisi
549 3465 603 3546 qui
627 3466 717 3528 deum
743 3471 778 3528 ut
802 3470 959 3545 parentem
985 3462 1088 3543 diligit
1111 3467 1142 3525 et
1165 3484 1249 3524 reve·

129 3555 214 3612 retur
237 3554 273 3610 ut
295 3549 465 3623 dominum,
490 3551 540 3613 cui
565 3572 622 3613 nes
645 3552 750 3613 omnia
775 3558 881 3613 nostra
907 3559 1101 3630 tamqnam·
1132 3549 1249 3611 adven·

131 3634 231 3698 ticiai
256 3635 491 3699 etdnminioa1¹
515 3637 674 3700 debemus.
722 3637 805 3699 Nihil
829 3645 876 3698 est
899 3638 981 3698 enim
998 3643 1079 3698 teste
1095 3634 1250 3715 apostolo,

130 3720 213 3802 quod
239 3743 300 3785 non
318 3723 540 3803 acceperimus
567 3722 627 3786 Sed
646 3746 700 3786 our
715 3729 874 3786 auctorem
890 3734 904 3760 ὃ
919 3722 1023 3792 laudo,
1047 3742 1138 3801 quern
1157 3741 1249 3783 suum

132 3828 211 3888 opus
234 3808 312 3870 satis
336 3808 521 3889 praedicat?
566 3808 608 3871 Mi
632 3809 727 3872 frater
751 3809 875 3872 Urbane
899 3814 928 3871 et
953 3807 1087 3880 domine,
1119 3827 1190 3869 cum
1213 3806 1251 3869 de

132 3893 373 3975 Vuimphelingo
390 3894 510 3976 loquor,
528 3895 618 3957 erede
639 3918 685 3957 me
699 3897 814 3976 pariter
827 3896 865 3958 de
879 3893 1043 3975 Spalatine
1056 3892 1251 3968 disseruisse,

129 3982 182 4063 qui
216 3980 301 4043 nulla
332 3982 364 4042 in
393 4003 424 4043 re
456 3980 577 4044 Jacobo
606 3991 737 4063 excepta
760 3987 864 4044 aetate
889 3980 1016 4042 inferior
1039 3987 1096 4054 est,
1121 3984 1252 4060 uterque

197 4200 211 4226 ⁸
225 4191 357 4253 tauquam.
394 4188 432 4237 bt
450 4190 479 4236 st.
499 4194 532 4239 ot.
578 4186 774 4254 cpi-ophanum.
816 4185 898 4235 erm
915 4184 1007 4235 llanrlo
1032 4183 1251 4251 ll'irnplrelingus.

129 4255 179 4307 eoi
196 4259 227 4305 st.
246 4256 273 4307 ti,
310 4253 457 4306 rmolastia
477 4254 548 4306 l'erzr.
591 4255 708 4308 sinclita
730 4254 802 4306 Terra.
839 4258 852 4295 1¹
867 4252 952 4305 salvet
973 4251 1046 4304 lena.
1081 4251 1253 4305 iadventura

133 4323 204 4376 Terra.
243 4323 362 4376 kdiviua
381 4323 454 4377 Terra.

201 4393 207 4422 ¹
230 4389 367 4454 Πύρσιθοε,
394 4392 591 4446 Feneranbeter.
628 4392 704 4445 Nach
722 4392 813 4444 Strabo
832 4389 1039 4459 tappadotiseho
1064 4388 1184 4442 Priester.

131 4461 222 4513 ²Eine
242 4461 339 4514 Schrift
356 4461 558 4529 Wimphelings,
585 4461 720 4514 riolloioht
745 4460 861 4514 Libellus
890 4461 921 4512 do
947 4459 1102 4527 integritate.
1145 4460 1251 4526 Argent.

131 4530 205 4583 1505.
243 4530 465 4585 Wislrewatol
470 4532 486 4594 l,
505 4530 529 4584 J.
548 4529 736 4598 Wimpheliug.
755 4529 841 4582 Berlin
863 4531 936 4583 1867.
973 4528 1137 4595 Schwarz,
1155 4526 1179 4582 J.
1199 4526 1251 4585 W..

127 4597 301 4652 dersltvater
317 4601 363 4653 des
381 4600 499 4656 deutsch.
510 4599 703 4653 Sehulweseus.
721 4598 890 4667 Gothal875.
926 4597 1081 4653 Schmidt
1098 4597 1119 4665 1,
1141 4594 1252 4652 1-188.
