2774 4966
420 39 1381 245 -

504 86 512 109 t

142 551 208 622 δα)
556 549 643 610 Briele
661 554 707 611 des
724 556 751 610 J.
773 552 848 610 1514.

143 731 251 792 tamen
275 727 346 810 plus
364 749 414 790 me
430 731 566 809 occupat
582 727 646 791 imo
662 727 814 807 degravat
833 725 991 790 Martinus
1017 725 1150 792 Scuto)
1193 727 1285 795 Unde

144 818 177 877 et
199 813 259 877 tibi
284 834 339 895 pro
362 834 468 876 amore
501 816 611 877 mutuo
644 814 750 893 gravis
781 812 876 876 datur
903 833 1001 876 causa
1030 813 1158 878 doloris.
1204 813 1285 893 Quis

147 899 230 963 enim
255 919 357 980 aequo
381 897 462 962 leret
484 898 590 961 animo
621 902 746 960 tantam
781 896 935 976 fraudem,
971 898 1131 980 injuriam,
1166 906 1284 965 contu-

147 985 296 1048 meliam?
351 984 465 1047 Nonne
503 984 731 1066 praevaricatio
766 988 815 1046 est
849 985 983 1046 transire
1024 983 1181 1048 dicenda?
1237 985 1285 1049 De

146 1069 235 1132 XXX
262 1070 379 1133 annuis
410 1069 498 1133 nulla
529 1068 567 1132 tit
596 1069 726 1132 mentio.
773 1068 925 1132 Videlicet
952 1069 1074 1133 oblitus
1106 1074 1156 1134 est
1177 1069 1285 1135 chiro·

149 1157 262 1238 graphi
286 1159 319 1219 et
342 1156 487 1238 propriae
509 1155 702 1218 testationis.
748 1152 819 1217 Non
854 1155 983 1235 promisi
1018 1154 1179 1235 salarium,
1209 1155 1285 1239 juro

148 1241 252 1319 deum,
272 1241 344 1322 juro
368 1240 472 1304 fidem.
519 1240 579 1316 Qui
610 1245 754 1322 poteram
788 1241 983 1321 promittere,
1016 1262 1087 1303 cum
1122 1241 1284 1307 inclusum

145 1330 231 1391 esset
266 1326 486 1408 chirographo,
519 1330 556 1389 ut
587 1326 761 1388 numeratis
790 1324 879 1386 XXX
910 1327 1082 1406 quotannis
1111 1328 1180 1410 ipse
1211 1327 1285 1391 reli·

149 1434 247 1494 quum
284 1411 429 1475 teneret?
486 1409 546 1474 Sed
581 1432 691 1473 manes
725 1414 845 1472 evocat.
902 1410 987 1474 Bene
1019 1413 1110 1476 novit
1146 1414 1285 1477 mortuis

148 1498 269 1562 nullam
296 1518 365 1560 esse
389 1517 506 1560 curam.
552 1495 603 1559 Me
620 1495 876 1559 circumscribere
891 1497 1021 1559 molitur
1037 1499 1129 1577 quasi
1145 1497 1283 1562 stultum

149 1588 182 1648 et
203 1582 298 1665 fingit
322 1581 450 1646 famulis
474 1583 594 1645 nostris
617 1581 727 1644 datum
751 1582 860 1643 vinum
883 1585 915 1644 et
938 1604 1062 1665 panem,
1093 1583 1168 1647 item
1200 1584 1285 1647 vini·

147 1667 235 1733 tori.²
281 1669 347 1749 Ego
382 1668 454 1731 dedi
489 1668 585 1731 semel
618 1672 715 1747 atque
749 1667 866 1729 iterum
894 1668 926 1729 in
955 1668 1049 1731 domo
1076 1668 1145 1750 ejus
1174 1669 1284 1750 prodi-

148 1754 272 1835 galiter.
318 1752 422 1816 Testis
455 1775 544 1816 meus
576 1754 607 1815 in
640 1752 738 1828 coelo,
773 1756 930 1832 quantum
966 1753 1154 1835 reliquerim.
1200 1753 1284 1818 Nam

147 1840 239 1904 multi
260 1839 345 1902 docti
362 1842 593 1918 congesserunt
612 1837 781 1901 honoraria
805 1858 894 1900 suam
911 1837 1009 1901 inme
1026 1839 1284 1903 benevolentiam

148 1925 350 1989 declarando.
397 1924 450 1987 Sic
484 1926 629 2005 ingratus
653 1928 685 1985 et
706 1944 860 2004 arrogans
883 1929 915 1986 et
937 1923 1110 1988 sceleratus
1142 1926 1285 1989 rusticus

148 2032 271 2074 mecum
295 2010 371 2092 agit.
419 2009 517 2072 Putat
533 2031 582 2072 me
597 2029 690 2091 posse
708 2008 774 2070 suis
791 2008 942 2072 conviciis
958 2009 1077 2086 terreri,
1093 2014 1130 2073 ut
1147 2014 1283 2074 taceam.

149 2095 262 2159 Verum
287 2101 389 2176 putat.
436 2094 516 2158 Nam
541 2096 637 2158 etiam
661 2094 728 2156 sine
749 2093 863 2174 jurgiis
886 2094 958 2156 istis
981 2094 1116 2159 libenter
1136 2117 1188 2159 ero
1205 2116 1285 2160 con·

147 2186 257 2246 tentus
291 2202 398 2262 parvo,
428 2181 454 2242 si
483 2185 519 2244 tu
545 2178 693 2244 volueris.
739 2178 802 2241 Sed
835 2185 870 2241 tu
898 2180 1065 2244 consilium
1100 2180 1201 2244 dabis.
1248 2181 1284 2244 Id

147 2268 278 2331 tertium
313 2267 377 2329 imo
400 2272 550 2346 quartum
573 2265 709 2346 postulo.
756 2264 874 2327 Tribuo
897 2265 958 2327 tibi
984 2265 1057 2349 plus
1085 2286 1180 2345 quam
1211 2288 1284 2330 meo

146 2353 277 2434 judicio.
323 2352 493 2433 Nunquam
525 2352 651 2431 inspexi
681 2350 821 2413 rationes
854 2350 998 2413 traditas.
1044 2349 1165 2433 Nepos⁸
1199 2352 1286 2415 dixit

149 2437 203 2500 XV
220 2459 332 2501 aureos
349 2457 522 2517 superesse.
540 2458 620 2517 quos
636 2436 730 2499 vellet
746 2436 881 2498 retinere
898 2435 1003 2500 salarii
1019 2436 1124 2500 titulo.
1163 2436 1284 2519 Super·

151 2529 227 2587 sunt
249 2523 320 2604 plus
343 2545 437 2603 quam
470 2527 607 2585 centum.
653 2520 826 2598 Conniveo‚
856 2526 958 2599 taceo,
988 2545 1059 2586 sum
1086 2528 1283 2586 mansuetus.

152 2609 264 2672 Verum
303 2608 381 2671 haec
420 2608 574 2689 patientia
610 2606 746 2669 habetur
781 2627 836 2687 pro
870 2607 1017 2670 stultitia.
1074 2607 1162 2671 Dixi:
1201 2608 1285 2690 ¹,Det

150 2694 315 2758 dimidium
350 2699 383 2757 et
416 2692 496 2756 liber
529 2693 617 2755 erit.“
676 2691 771 2755 Dedit
805 2692 968 2756 dimidium
1002 2693 1118 2757 furoris
1150 2696 1211 2772 sui,
1235 2696 1285 2758 uti

152 2781 250 2855 vides,
274 2785 307 2843 et
328 2800 378 2841 me
402 2786 514 2842 contra
536 2778 584 2841 fas
607 2783 640 2841 et
662 2798 764 2840 mores
787 2778 887 2840 bonos
910 2779 1028 2842 lacerat
1050 2779 1282 2855 indignissime.

149 2867 230 2925 emet
260 2875 342 2938 gunsl
371 2871 421 2925 rub
454 2866 576 2939 arelaten
605 2865 678 2924 matr
709 2866 790 2923 beret
821 2864 879 2922 etin
910 2868 958 2924 tae
987 2865 1101 2940 eoldrrn
1134 2865 1283 2941 buriedpnu

150 2953 248 3024 grotta
283 2951 419 3024 lurnrnru
453 2952 595 3009 rnrtouun
631 2953 681 3007 rab
716 2951 849 3022 ubgtmtul
884 2955 979 3010 metor.
1026 2947 1114 3011 Satis
1148 2949 1201 3011 diu
1232 2972 1285 3013 me

149 3035 276 3097 delusit.
326 3034 406 3097 Vale.
452 3033 590 3113 Raptim.
638 3032 769 3095 Custodi
800 3032 894 3095 hasce
924 3037 955 3095 et
983 3035 1062 3096 alias
1089 3034 1197 3097 literas
1226 3056 1284 3117 pro

151 3119 347 3184 testimonio.

304 3219 365 3273 Cod.
385 3218 450 3272 Frcl.
470 3217 529 3269 4‘23.

152 3407 268 3476 (cotia.)
677 3389 750 3452 434.
1097 3405 1175 3473 (Nor.
1195 3408 1284 3476 1514.)

532 3515 678 3585 Mutian
699 3535 747 3584 an
772 3514 910 3584 Urban.

152 3646 274 3713 (Bereilet
296 3646 340 3698 eiu
366 3644 496 3697 Gesclrenl·
518 3662 564 3696 vor
587 3661 623 3696 au
649 3643 755 3695 moeres
775 3643 907 3695 Hoelvxer'l.
943 3641 1058 3693 Publius
1075 3642 1121 3695 aar
1138 3643 1197 3695 lein
1221 3645 1287 3696 Gelu

151 3733 199 3767 ron
227 3713 358 3767 Ersomcb
377 3714 506 3780 gebracht.
549 3712 822 3840 ll'e'inscthoqignxjkto
838 3713 885 3763 der
903 3711 1021 3762 Parare.
1056 3710 1196 3764 Bedoumr
1220 3713 1285 3764 uber

393 3898 517 3956 Optimo
535 3897 620 3955 patri
638 3896 679 3944 Η.
697 3896 826 3946 Urbano
845 3895 901 3961 (Μ.
919 3890 1041 3959 Rufius).

254 4009 287 4073 S.
332 4007 449 4090 Magno
481 4007 642 4072 molimine
666 4011 698 4070 et
721 4008 805 4070 curis
837 4027 954 4088 apparo
983 4026 1108 4081 munus,
1137 4009 1174 4068 ut
1199 4003 1285 4068 votis

152 4097 218 4160 tuis
235 4101 266 4159 et
284 4095 405 4158 Eobani
426 4095 546 4176 optatis
562 4094 778 4175 respondeam.
825 4092 897 4156 Misi
913 4089 1085 4155 Adamum⁸
1100 4090 1139 4154 ad
1156 4089 1286 4166 Hessos,

151 4183 253 4247 solum
286 4187 322 4245 ut
345 4183 544 4244 venationem
580 4181 743 4242 excitaret.
790 4179 875 4241 Nibil
904 4179 1078 4259 reportavit
1105 4179 1137 4238 et
1165 4174 1286 4239 frustra

224 4354 230 4383 ¹
250 4351 284 4403 Er
302 4350 422 4418 liiugueto
441 4350 488 4401 das
506 4349 542 4400 ini
563 4352 628 4413 Aug.
655 4364 744 4416 wegeu
764 4348 810 4399 dor·
828 4347 861 4398 30
879 4346 920 4397 ol.
938 4345 1069 4412 gegebene
1092 4344 1159 4396 Veis
1178 4344 1285 4399 rechen.

152 4418 196 4472 Br.
215 4420 273 4473 402.
346 4418 495 4471 ²Iliesclbc
515 4418 597 4482 Xlago
617 4417 651 4467 ini
671 4416 741 4467 luni.
778 4415 820 4467 iu.
840 4416 897 4467 310.
957 4414 1086 4482 {Solitos
1104 4413 1145 4465 Ne
1166 4429 1181 4464 e
1199 4412 1286 4481 Georg

152 4488 249 4541 Sohilo.
286 4487 381 4539 81118
408 4491 435 4539 Α.
454 4489 478 4541 4,
551 4484 695 4538 ‘Publius
732 4485 756 4538 S.
776 4484 827 4535 nis
852 4488 881 4535 Α.
900 4485 923 4534 o.
962 4483 1033 4534 lfber
1059 4485 1161 4549 spiltcre
1188 4480 1285 4534 Reiseu

151 4556 220 4610 nach
239 4557 339 4608 Hessou
358 4556 415 4608 duo.
436 4556 487 4607 und
506 4555 576 4607 Mdrz
597 4556 662 4607 1515
682 4553 732 4620 vgl.
752 4554 794 4607 Br.
812 4556 870 4605 449.
889 4554 948 4603 lto,
