2774 4966
148 574 213 650 560
566 581 654 636 Briele
672 582 719 637 des
737 582 762 637 J.
783 572 857 637 1515.

251 759 354 822 dicere
377 756 426 820 vel
447 777 565 837 magno
587 778 737 838 magnum
762 756 898 820 clamore
919 760 1085 823 tonantem

252 845 301 907 lac
323 842 430 906 liceat.
475 840 510 905 Si
533 862 597 922 qua
620 847 669 905 est
691 844 802 924 pietas,
827 842 975 922 permitte
996 863 1160 924 canamus,

251 933 362 991 sancte
385 932 488 1008 pater;
512 933 581 990 rata
605 931 689 1004 vota,
711 947 830 1008 precor,
854 928 1058 993 doctissimus
1081 930 1174 996 heroe
1251 931 1253 935 ’

250 1010 465 1092 Eitalavolph'
488 1012 595 1089 faciat,
619 1033 682 1094 quo
707 1033 769 1076 non
793 1011 852 1075 tibi
875 1014 976 1076 carior
998 1014 1089 1094 alter,

251 1104 343 1162 tanta
365 1099 423 1160 viri
447 1097 547 1160 virtus
569 1098 664 1160 rebus
687 1101 831 1178 spectata
853 1098 1009 1179 gerendis.

202 1218 291 1283 Addo
314 1216 458 1296 elegiam,
482 1236 564 1297 quae
588 1215 749 1298 praedicta
772 1216 967 1279 communire
990 1222 1105 1299 potest.

254 1321 338 1383 Aede
361 1339 449 1381 secra
474 1323 595 1380 mussat
618 1318 748 1380 timidus
771 1324 900 1381 cantare
922 1319 1078 1383 sacerdos.

297 1404 452 1467 Mirantur
475 1402 608 1465 taciturn
632 1404 765 1465 numina
788 1408 900 1465 sancta
922 1402 1063 1468 chorum.

252 1489 368 1571 Magne
391 1493 490 1569 pater,
513 1508 613 1568 genus
637 1488 808 1568 egregium,
832 1486 1019 1553 Germanice
1041 1491 1169 1572 primas,

294 1573 380 1638 solve
403 1593 513 1655 precor
536 1573 604 1635 voci
626 1573 754 1636 vincula
777 1595 859 1636 nexa
882 1575 962 1655 piae.

251 1660 373 1741 Corpus
396 1657 492 1721 humo
516 1657 635 1738 tegitur
659 1659 741 1721 caesi
765 1658 902 1740 pastoris
924 1659 1043 1741 inique,

294 1743 440 1825 sacrilegi
462 1744 581 1825 patrias
604 1742 768 1806 deseruere
791 1744 911 1807 domos.

250 1830 398 1894 Manibus
421 1829 589 1909 exsequias
612 1828 735 1891 tumulo
758 1830 930 1892 recitamus
952 1831 1097 1906 honores,

295 1915 428 1995 lanigeri
452 1913 601 1976 damnum
626 1912 691 1976 dux
714 1914 819 1995 gregis
842 1915 909 1994 ipse
931 1915 1008 1977 luat.

253 2002 310 2064 Dic
334 2006 435 2082 pater:
463 1999 528 2080 „lte
550 1998 679 2061 alacres.
726 1998 791 2062 Pax
816 1999 915 2062 vobis.
961 1999 1035 2063 Ite⁸
1057 1999 1184 2078 sacrati,

294 2085 449 2148 altisonus
472 2087 619 2165 reparent
638 2083 742 2165 jubila
765 2091 869 2147 vestra
893 2083 1015 2148 tonos.“

253 2171 321 2234 Hoc
343 2170 422 2232 satis
445 2174 503 2239 est,
529 2168 666 2246 Alberte,
689 2170 764 2243 tuis,
788 2170 955 2232 mitissime
979 2168 1112 2252 praesul,

297 2257 570 2336 Harpocratesque
592 2254 653 2317 tibi
676 2255 737 2332 det,
762 2254 911 2331 Galilaea,
935 2255 1049 2318 lucum.

254 2356 526 2421 Reverendissime
554 2361 642 2438 pater
663 2361 695 2419 et
717 2356 960 2420 illustrissimeb
993 2358 1150 2438 princeps,
1182 2355 1284 2421 Muti-

150 2468 231 2510 anus
254 2465 322 2508 sese
344 2446 419 2506 tuae
442 2442 621 2523 dignationi
645 2443 854 2506 commendat.

303 2542 365 2596 Cod.
384 2541 450 2595 Frci.
470 2540 528 2594 488.

149 2731 240 2785 Gotho.
676 2713 749 2776 496.
1059 2728 1102 2782 30.
1119 2727 1184 2781 Juui
1204 2729 1283 2782 1515.

462 2839 606 2909 Mutian
628 2858 675 2908 an
702 2838 966 2909 Sunthausen.²

150 2968 232 3034 (Bittc
249 2985 297 3019 um
321 2967 500 3034 Veraccndung
515 2966 563 3034 [ἄν
581 2966 741 3034 Auskebunp
757 2967 801 3019 des
818 2984 902 3034 wcgen
920 2965 1091 3033 Mrmotaicmp
1107 2965 1179 3019 enices
1194 2965 1284 3018 Gcr'st·

151 3036 236 3090 lichen
263 3035 401 3102 ecrlrdrsptc
427 3034 560 3088 artearte.
598 3035 654 3088 Eia
683 3035 798 3097 (dedidit,
825 3037 875 3088 dos
897 3036 940 3087 dic
980 3034 1059 3087 letales
1081 3033 1152 3087 Bate
1173 3033 1283 3097 maddi,

354 3104 473 3156 steinsele!
491 3104 528 3156 Μ.
546 3121 584 3157 on
602 3104 739 3170 d'aftelwols
751 3121 809 3157 amn
829 3104 904 3157 Stein
927 3051 1073 3170 befordcrt.)

213 3218 370 3268 Generoso
389 3220 421 3268 et
439 3217 557 3267 celebri
570 3217 784 3277 jureconsulto
802 3216 972 3267 Valentino
990 3215 1211 3274 sunthusenio,

483 3304 583 3354 amico
601 3302 731 3353 colendo
751 3302 805 3369 (Μ.
823 3299 946 3369 Euius).

254 3410 286 3474 S.
331 3412 488 3494 imperata
505 3414 586 3476 clero
603 3413 729 3476 silentia
746 3412 881 3476 fideliter
896 3412 1112 3476 observamus.
1149 3409 1283 3474 lustum

150 3501 200 3561 est
229 3498 323 3570 enim,
356 3503 393 3564 ut
414 3498 575 3580 pontificis
609 3500 709 3562 nostri
741 3498 891 3561 voluntas
924 3519 979 3579 pro
1012 3498 1080 3578 lege
1115 3495 1283 3559 habeatur.

150 3580 214 3645 Sed
243 3583 417 3663 importuni
448 3583 520 3646 laici
552 3584 684 3647 moleste
717 3582 832 3647 ferunt.
879 3583 989 3665 Pappi,
1022 3582 1122 3664 ajunt,
1158 3580 1284 3644 coelum

150 3688 207 3731 auo
238 3672 317 3730 nutu
348 3667 510 3733 claudunt.
557 3668 638 3745 Quid
663 3669 702 3732 ad
727 3690 794 3747 nos,
818 3670 845 3731 si
869 3669 1059 3750 capellarum
1094 3670 1201 3747 pastor
1222 3665 1284 3730 ali·

151 3753 250 3835 quis⁰
273 3754 474 3816 trucidetur?
518 3753 567 3816 lln
591 3775 650 3817 nos
672 3754 742 3818 ideo
766 3754 853 3817 velut.
875 3753 1050 3836 parricidae
1081 3753 1283 3828 damnamur,

151 3860 222 3902 cum
246 3839 345 3902 simus
368 3839 518 3903 innoxii?
563 3840 630 3902 llac
653 3845 685 3903 et.
707 3840 801 3902 simili
825 3838 1030 3902 cavillatione
1053 3837 1170 3901 clerum
1195 3835 1286 3900 velli-

151 3929 234 3987 cant.
292 3923 489 3987 Laboranrus
522 3924 648 4004 igilurcl
686 3926 769 4005 apud
805 3923 954 4007 profanos
986 3923 1059 3987 odio
1093 3921 1285 4003 neutiquam

152 4009 287 4072 obscuro
320 4014 448 4091 propter
484 4008 655 4072 silentium.
702 4009 810 4073 Timeo
844 4008 1030 4091 periculum,
1062 4030 1102 4070 ne
1136 4005 1287 4070 'videlicet

151 4094 298 4157 simultas
322 4095 399 4156 haec
422 4094 461 4156 ad
487 4095 592 4176 pejora
616 4094 771 4176 deserpat.
818 4095 916 4157 Dabis
944 4115 1081 4175 operam,
1116 4091 1287 4156 Valentius

154 4179 274 4255 doctor,
299 4184 335 4241 ut.
357 4178 489 4242 tollatur
519 4180 733 4242 interdictum.
779 4179 842 4243 Fas
865 4181 907 4242 sit
930 4201 1020 4242 sacra
1042 4179 1081 4241 de
1104 4198 1190 4240 more
1216 4178 1288 4258 agi-

218 4362 232 4390 ε
246 4348 282 4399 ito
303 4347 375 4399 Terra.
430 4351 443 4388 b
457 4347 568 4399 illustris
588 4347 662 4399 Terta.
716 4348 840 4416 celiquis
857 4352 946 4416 pastor
966 4347 1040 4400 Tere.
1098 4349 1187 4414 dergo
1208 4344 1287 4397 um.

220 4415 377 4469 ¹Eitelwolt
405 4432 465 4467 vom
492 4415 572 4468 Stein.
610 4415 635 4470 S.
655 4417 705 4468 535
725 4421 756 4470 A.
778 4421 800 4482 1,
822 4417 917 4469 bereits
936 4417 971 4468 im
991 4415 1044 4468 Mai
1062 4413 1209 4483 gestorben,
1228 4428 1288 4466 was

148 4483 251 4536 Mutien
269 4489 322 4536 erst
340 4485 398 4536 Ans.
417 4483 472 4535 tuli
501 4484 598 4536 ortuhr.
669 4484 722 4537 ²8.
741 4486 793 4539 504
811 4488 840 4539 A.
861 4488 885 4537 5.
921 4485 975 4537 Der
1001 4483 1045 4536 Br.
1072 4482 1136 4552 geht
1162 4480 1289 4550 zugleioh

138 4552 192 4606 mit
209 4554 270 4607 darn
293 4555 400 4626 rorigou
420 4552 550 4609 Gediclrte
568 4552 609 4609 ab.
1258 4553 1268 4558 ”
