2774 4966
341 641 435 697 Thena.
454 640 527 694 Wolf
540 657 574 695 an
592 642 706 696 Mutian.
743 641 847 695 blutian
872 656 906 695 an
925 632 1025 696 Urban.
1183 640 1245 706 109

124 814 221 898 sequi.
260 814 308 878 To
332 836 476 890 nausea,
504 816 558 897 qui
579 815 621 880 ob
641 815 760 897 ingenii
778 815 1001 879 amoenitatem
1027 818 1059 878 et
1082 812 1251 878 candorem

125 901 193 965 fidei
216 906 249 965 et
271 902 376 966 omnia
401 908 504 965 rectae
520 902 707 984 disciplinae
724 902 870 966 notitiam
886 913 900 941 ²
916 901 1028 965 merito
1044 901 1084 964 ab
1102 902 1251 965 omnibns

126 988 221 1051 instar
255 988 353 1052 divini
391 989 530 1052 numinis
564 1009 627 1052 uon
661 994 725 1053 tam
761 990 859 1051 amari
895 1010 988 1070 quam
1023 987 1084 1050 coli
1113 991 1249 1052 mereris.

129 1072 207 1137 Nihil
232 1073 451 1143 assentationi.
475 1074 553 1138 nihil
571 1076 756 1138 amicitiae*
779 1075 829 1137 hic
848 1076 962 1137 tribue.
1008 1073 1156 1136 Calamus
1180 1096 1250 1137 cum

134 1169 229 1222 mente
252 1161 433 1225 concordat.
481 1160 665 1224 Concedent
689 1183 797 1244 precor
819 1161 894 1231 lata,
919 1169 954 1223 nt
971 1165 1046 1222 ante
1063 1160 1128 1222 lata
1145 1182 1248 1223 coram

133 1247 277 1327 possimus
299 1246 437 1328 colloqui
461 1256 493 1311 et
515 1249 659 1310 dextram
684 1250 814 1311 ‹lextrae
833 1247 966 1327 jungere
989 1252 1020 1308 et
1037 1269 1126 1309 ueras
1142 1248 1250 1309 andire

137 1339 165 1394 et-
183 1332 306 1395 reddere
330 1354 431 1396 roces.
478 1333 554 1414 Ego.
578 1335 604 1396 si
628 1334 666 1395 de
689 1341 774 1397 statu
800 1354 868 1396 meo
892 1334 969 1414 quid
986 1334 1065 1397 scire
1082 1333 1249 1407 desideras,

140 1419 222 1480 variis
254 1418 401 1482 fortunae
434 1420 580 1502 procellis
614 1421 725 1483 misere
760 1421 853 1483 miser
890 1419 1002 1501 jactor.
1066 1418 1169 1481 l'exat
1203 1441 1251 1481 me

140 1509 264 1583 patruus.
296 1506 351 1586 qni
381 1505 575 1569 mendaciter
598 1505 698 1569 multa
720 1507 752 1569 in
777 1527 873 1569 causa
897 1527 966 1568 mea
990 1504 1108 1568 Romae
1132 1505 1251 1568 narrari

141 1588 212 1654 lacit.
253 1591 363 1673 ltaque
396 1591 569 1655 mendaciis
601 1598 711 1655 contra
740 1614 788 1655 me
811 1590 950 1675 diploma
973 1593 1040 1654 sive
1063 1593 1249 1673 rescript-um

144 1686 313 1758 assequutus
342 1684 400 1741 est.
452 1678 673 1761 Appellatione
696 1700 745 1741 me
767 1684 894 1742 tutatus
917 1700 996 1754 sum,
1021 1679 1188 1760 provocavi
1212 1679 1250 1741 ad

145 1762 318 1841 pontificem:
354 1785 447 1846 quem
483 1766 549 1846 ipse
581 1786 639 1847 ego
676 1765 723 1828 vel
758 1765 826 1846 ejus
856 1765 980 1846 jndices
1003 1764 1148 1828 aditurus
1171 1786 1250 1828 sum.

147 1846 201 1912 lau
220 1851 248 1912 in
272 1852 438 1933 procinctu
463 1872 543 1922 sum,
566 1853 741 1934 scripturus
764 1873 833 1915 sum
851 1852 911 1914 tibi
929 1874 966 1914 ex
988 1851 1088 1914 ltalia.
1129 1851 1253 1914 lnterea

148 1935 252 1999 metibi
287 1937 484 2000 commendo.
542 1936 665 2014 Quaeso
698 1944 734 2000 ut
769 1939 868 2000 nostri
902 1939 945 2000 sis
979 1960 1105 2000 memor.
1162 1937 1251 2013 Quod

151 2023 383 2099 puneloblitus
402 2045 482 2097 sum,
509 2022 614 2086 literas
632 2025 769 2088 novitias
783 2037 797 2063 ⁸
821 2026 973 2087 bonorum
992 2023 1158 2104 juvenum¹
1186 2045 1252 2105 per-

151 2103 198 2185 leui
217 2110 371 2172 miraeum
390 2109 565 2192 voluptate.
612 2110 704 2173 Vivat
722 2111 880 2184 ltobanns,
899 2111 985 2172 vivat
1008 2109 1252 2180 Eberbacclrius,

154 2191 195 2270 qni
213 2194 252 2257 sic
271 2195 398 2276 ingenio
423 2202 455 2258 et
477 2196 621 2259 doctrina
644 2197 766 2270 dorent,
799 2205 835 2259 ut
865 2217 925 2258 rron
951 2196 1077 2277 quidem
1103 2196 1251 2259 tirunculi

157 2275 199 2338 aed
210 2281 291 2360 plane
306 2282 448 2345 ueterani
465 2282 497 2344 in
514 2281 653 2344 literaria
671 2303 776 2363 pugna
793 2305 861 2345 esse
879 2282 1053 2344 videantur.
1089 2281 1250 2345 Urbanum

156 2367 321 2430 coenobitam
339 2373 371 2431 et
387 2366 587 2449 Spatatinnm
612 2390 649 2431 ac
672 2369 767 2432 etiam
793 2369 955 2432 ltobanum
978 2368 1107 2430 Hessum
1132 2367 1253 2430 salvere
1316 2361 1321 2371 ’

157 2448 233 2529 cupio.
284 2453 347 2535 Ego
383 2460 472 2518 totus
501 2477 570 2517 sum
601 2459 711 2518 vester.
765 2454 847 2532 Vale,
884 2455 1025 2518 Matiane
1059 2454 1250 2517 doctissime.

89 2570 91 2575 v
160 2532 335 2631 Argentorati,
369 2541 483 2622 raptim
523 2542 554 2602 iu
590 2542 721 2604 summis
756 2541 1021 2623 occupationibus
1055 2548 1087 2604 et
1121 2543 1252 2604 summis

119 2652 126 2664 ·
159 2624 437 2689 aurnimoeroribns.
465 2626 537 2690 Vale
550 2628 672 2691 iterum.
698 2627 802 2690 Pridie
818 2627 883 2690 Kal.
899 2627 1094 2709 Septembris
1111 2627 1251 2691 MDVlll.

279 2726 338 2780 t'od.
359 2726 424 2781 Fiet.
447 2727 502 2778 193.

163 2919 248 2996 (Galba)
660 2920 710 2983 94.
936 2936 992 3003 (um
1010 2933 1148 2987 Michaelis
1168 2933 1253 3001 1508.)

488 3045 631 3116 Mutian
655 3068 702 3117 an
725 3046 879 3117 Urban.¹

164 3160 267 3229 {Spauta
283 3178 368 3240 adperi
384 3173 436 3226 urit
453 3173 551 3227 mrum
570 3175 595 3227 A
627 3193 680 3243 arip
697 3193 734 3229 aar
759 3176 807 3228 den
834 3173 893 3240 Hos,
921 3175 978 3227 uuit
999 3192 1028 3226 cr
1051 3179 1103 3225 erat
1126 3175 1164 3224 :to
1191 3173 1255 3240 Tupe
1309 3184 1314 3192 '

163 3229 337 3294 lamentamur
349 3244 409 3293 (loll
421 3242 513 3310 ripseru
525 3245 586 3296 arrll.
606 3244 713 3297 clrttr'un
726 3245 821 3312 dritupt
835 3245 880 3295 r'lrn
896 3261 948 3295 aur
963 3245 1039 3295 Itcr'se
1052 3244 1119 3295 eracli
1136 3243 1254 3309 llrrpun.)

183 3347 273 3407 himo
290 3358 444 3410 mandeti
461 3360 502 3410 H.
520 3360 647 3410 Urbano
666 3373 731 3419 suo,
749 3362 877 3421 proprio
895 3374 931 3409 ac
951 3360 1101 3420 singulari
1120 3361 1229 3416 arnico,

601 3447 645 3496 M.
663 3446 774 3497 Rufus.

236 3554 263 3620 S.
308 3558 455 3639 Migratio
479 3556 637 3639 Spoletini
662 3560 760 3622 nostri
786 3583 802 3620 e
826 3561 948 3622 cortina
972 3566 1068 3640 :utque
1092 3558 1188 3638 adyto
1206 3559 1252 3621 tui

167 3632 236 3702 ultus
250 3644 368 3726 lucique
385 3643 558 3725 Georgiani
575 3645 606 3706 in
625 3646 729 3708 aulam
747 3645 842 3727 paulo
859 3646 1080 3728 spectatiorem
1096 3655 1110 3682 ²¹
1126 3653 1157 3706 et
1174 3667 1255 3724 quae

165 3716 252 3790 tructus
280 3731 448 3807 uberiores,
485 3753 547 3794 non
581 3732 659 3794 levia
694 3742 751 3794 aut
781 3731 901 3794 ludicra
933 3733 1071 3813 praemia
1094 3732 1252 3793 conrmuni

162 3838 306 3861 κ“,--
318 3857 324 3861 -

207 3903 246 3954 *ei
261 3910 292 3958 et.
310 3906 337 3958 ti.
392 3908 406 3946 b
421 3871 486 3957 bene
507 3903 579 3956 Terra.

186 3988 253 4058 stu.
271 3990 378 4045 Hessus'
398 3992 451 4045 und
470 3990 548 4043 Peter
567 3990 725 4047 Ebertractrs,
744 3990 786 4042 die
805 3990 851 4041 aul
870 3988 985 4041 blutiaus
999 3988 1118 4039 ll'nnsclr
1139 4003 1170 4039 au
1184 3985 1256 4037 wolf

160 4044 222 4107 Baelo
236 4061 359 4125 perientet
379 4062 469 4113 hatten
488 4060 572 4127 (nicht
591 4059 729 4125 orbutten).
766 4059 900 4111 Eberbaclr
916 4059 987 4110 batte
999 4058 1045 4109 aut
1052 4056 1253 4108 eiamtnitreren

159 4114 370 4183 flamnistentahrr
389 4131 414 4182 iu
434 4129 588 4196 sneoburg
605 4129 690 4196 einigo
709 4127 764 4180 Zeit
789 4128 907 4180 rerwcilt
931 4128 983 4178 und
1008 4125 1081 4178 Wolf
1108 4124 1255 4192 rrersbnliclr

157 4187 229 4248 illurn
250 4199 354 4265 gelerut.
391 4200 416 4254 S.
436 4200 469 4252 39
489 4203 518 4251 A.
537 4198 562 4249 2.
600 4196 657 4264 l'gl.
683 4197 737 4250 l'lr.
765 4196 856 4249 Zasius
875 4215 907 4249 an
926 4197 971 4249 Tlr.
992 4195 1064 4248 ll'nll
1084 4196 1147 4247 luda
1173 4194 1252 4259 (Zasii

190 4268 243 4321 ad.
261 4268 403 4335 Riegger
421 4286 443 4336 p.
463 4270 538 4329 fttlll:
558 4268 638 4333 eunio
657 4267 752 4318 dic-arn.
772 4274 898 4333 ‹puarrtunr
919 4267 943 4317 in
963 4274 988 4316 te
1009 4265 1131 4316 nrourcuti
1146 4263 1254 4314 errllocct

173 4332 258 4389 lllenua
283 4338 385 4391 Rullus.
410 4344 513 4390 nostrae
537 4337 630 4390 aetatis
655 4336 763 4388 Cicero?
804 4336 872 4400 Quid
892 4336 1037 4388 Maternum
1060 4334 1253 4386 Pistoriensem.

154 4393 256 4458 buroam
280 4424 315 4460 ex
337 4422 397 4460 uase
420 4407 582 4460 formatum?
623 4405 692 4469 Quid
713 4404 818 4456 l’etrum
841 4405 1042 4457 Eberlmclriuur.
1063 4403 1252 4455 llrl'oralicnsom

153 4468 314 4529 &muntem
335 4492 415 4544 supra
433 4492 511 4543 quam
531 4492 580 4528 sua
597 4483 669 4527 aetas
689 4476 737 4525 tert
756 4475 897 4528 cruditum.
917 4475 960 4541 qui
980 4478 1088 4539 accepta
1106 4490 1121 4522 a
1141 4470 1252 4537 parenti-

153 4532 186 4591 Μ
197 4544 302 4611 oenone.
321 4548 365 4599 cui
385 4545 551 4613 potissimum
570 4546 651 4613 partis
669 4551 787 4610 ternpore
805 4545 975 4597 cohabitaret.
995 4552 1021 4593 te
1035 4542 1089 4607 jain
1111 4551 1165 4591 nnn
1180 4540 1252 4603 igno-

150 4606 189 4663 un
207 4612 317 4683 elegite«
354 4614 412 4683 vgl.
437 4631 470 4667 zu
495 4613 537 4667 Br.
562 4616 602 4667 32.
621 4614 662 4666 88.
702 4604 772 4664 l'ber
791 4611 892 4665 Hessus
911 4630 942 4664 zu
965 4611 1006 4663 ar.
1025 4613 1065 4663 bt.
1137 4608 1253 4660 *l'rbun

149 4670 238 4736 llllndd
253 4682 313 4737 sicli
331 4684 380 4737 aul
394 4682 441 4737 der
459 4682 620 4737 l'rrirorsittit
638 4682 752 4750 Ieipaig.
