2774 4966
524 649 629 704 blutiau
649 669 683 704 an
702 651 830 708 Harbord.
1180 656 1245 720 165

120 822 166 886 lta
193 821 386 887 exhilaratus
418 821 544 902 ineptas
576 821 795 884 cavillationes
824 823 862 884 ad
897 822 1001 884 vivum
1038 823 1195 887 resecabis
1219 830 1251 889 et

125 909 193 972 mihi
222 929 372 972 nauseam
407 908 568 969 discuties.
614 906 695 969 Nam
731 911 860 970 veterno
896 928 1022 988 pressus
1056 930 1250 975 consenesco

129 997 156 1055 et
174 995 234 1058 otio
257 993 437 1057 sedentario
463 992 633 1055 hebetatus
656 993 721 1055 tuis
745 992 880 1055 literatis
904 992 1003 1055 literis
1035 995 1126 1074 quasi
1159 994 1249 1060 dola·

130 1076 201 1142 bella
219 1079 329 1143 exacui
355 1099 493 1159 possum.
539 1078 665 1159 Aspice,
689 1082 725 1140 ut
747 1079 858 1140 rustici
882 1078 971 1157 palos
988 1079 1106 1154 dolent,
1124 1080 1249 1144 dolatos

136 1170 243 1239 acuant,
267 1164 384 1246 quihus
406 1165 489 1227 vites
512 1167 743 1226 sustentantur.
790 1161 844 1225 Sic
866 1164 1055 1226 flaccescens
1085 1165 1247 1245 ingenium

138 1250 293 1329 putandum
316 1254 366 1311 est
389 1253 421 1310 et
444 1248 657 1311 dedolandum
680 1249 931 1329 sumendumque,
956 1254 991 1311 ut
1008 1248 1133 1312 cultura
1149 1251 1247 1314 animi

140 1352 182 1412 pro
202 1335 339 1415 impensa
362 1355 399 1397 ac
421 1333 529 1396 labore
553 1333 690 1395 fructum
715 1334 835 1396 reddat.
883 1333 954 1396 ldisi
979 1333 1086 1396 literas
1109 1340 1184 1397 tuas
1206 1338 1246 1400 ad

141 1415 330 1499 Speluncam,
363 1418 528 1481 aedituum
564 1418 650 1481 aedis
684 1417 864 1497 Gangolvi,'
902 1420 1120 1501 paedagogum
1160 1421 1247 1502 prin-

146 1503 214 1584 cipis,
234 1503 476 1567 homuncionem
501 1504 636 1566 scientia
659 1508 691 1565 et
714 1503 874 1584 probitate
897 1504 1040 1584 politum,
1071 1506 1125 1568 sed
1154 1506 1249 1568 nimis

141 1585 259 1652 timidum
283 1594 316 1652 et
339 1589 551 1652 verecundum
584 1592 615 1650 et
645 1593 835 1667 agnatorum
870 1589 1101 1670 gentiliumque
1138 1589 1246 1653 notae²

143 1671 198 1752 plus
209 1675 287 1755 justo
305 1695 485 1736 memorem.
523 1673 595 1735 Vise
612 1673 855 1737 christianornm
879 1674 1044 1736 numinum
1065 1674 1245 1756 catalogum

144 1755 237 1822 editum
258 1783 276 1822 a
299 1757 389 1822 Gneo
414 1759 527 1841 Appio,
561 1759 741 1839 apparitore
765 1758 978 1838 Summeringi
1003 1759 1245 1840 praeceptoria⁸

145 1837 212 1905 Satis
230 1845 375 1907 admirari
402 1864 533 1926 nequeo,
567 1844 650 1925 quod
675 1846 769 1905 etiarn
799 1851 993 1924 conquestus
1017 1867 1085 1907 sum
1116 1845 1247 1909 Eobano

145 1926 275 2001 audiente,
301 1951 356 1992 cur
379 1927 511 1993 Crotus‘
540 1928 749 2010 philosophus
772 1930 908 1992 eximius
942 1929 1132 2011 applicuerit
1154 1930 1247 1994 fastis

146 2012 337 2079 ecclesiasticis
361 2015 437 2077 deos
460 2013 659 2077 ethnicorum
678 2016 696 2075 i.
722 2036 748 2075 e.
767 2015 874 2077 divum
899 2015 1089 2094 Augustum,
1112 2015 1247 2079 Domiti-

145 2114 227 2175 anun,
247 2099 427 2182 Vergilium.
473 2100 547 2162 ldeo
572 2104 649 2181 puto
673 2100 758 2173 fecit,
782 2105 819 2162 ut
843 2121 944 2181 popae
964 2100 1058 2163 rudes
1076 2102 1246 2164 vetustatis

144 2175 283 2262 l'ergilium
307 2189 394 2248 stato
419 2185 469 2247 die
494 2189 690 2247 venerentur.
740 2186 799 2247 Res
830 2190 914 2246 certe
943 2185 1085 2248 ridicula.
1133 2186 1245 2250 Verum

144 2265 202 2342 quid
214 2270 369 2333 arbitraris
385 2269 526 2332 dicturos
542 2269 734 2350 theologos?
769 2268 930 2345 Saevient,
948 2277 983 2332 ut
1001 2277 1077 2332 sunt
1093 2271 1244 2335 crudeles.

146 2345 214 2429 tlpud
238 2376 293 2418 nos
324 2356 448 2418 veniam
483 2355 676 2437 impetrabit,
712 2376 905 2436 quamquam
937 2355 1019 2417 alius
1050 2357 1093 2416 sit
1115 2362 1245 2419 senatus

145 2430 218 2514 lovis,
244 2440 324 2503 alius
357 2439 486 2503 Christi.
531 2439 657 2521 Jupiter
688 2440 809 2522 puellas
834 2446 865 2503 et
889 2443 1058 2503 catamitos
1082 2441 1113 2502 in
1137 2442 1244 2504 albnrn

146 2521 250 2588 coeleste
272 2526 398 2609 recepit.
447 2523 592 2588 Christus
614 2532 734 2588 castrat
753 2525 892 2606 ephebos
908 2532 940 2588 et
956 2527 1075 2605 gaudet
1091 2527 1245 2590 eunuchis

145 2607 169 2664 el
186 2607 348 2674 Vestalibus
371 2610 494 2692 puellis.
539 2611 575 2673 ln
598 2611 692 2692 hujus
709 2611 856 2692 paradiso
874 2610 961 2674 nulla
977 2633 1070 2692 capra
1087 2613 1244 2692 carpendo

145 2698 284 2778 corrumpit
307 2696 432 2759 novella
455 2701 534 2758 sata.
580 2696 615 2759 ln
646 2696 735 2759 lovis
764 2718 840 2775 agro
869 2697 1053 2775 surcularis,
1084 2698 1168 2777 quod
1196 2703 1245 2761 est

144 2783 225 2844 contra
244 2783 345 2864 legem
362 2781 547 2856 colonicam,
572 2802 683 2862 capras
700 2782 832 2844 colonus
856 2781 1059 2862 compescit.⁵
1105 2782 1175 2844 Alia
1194 2784 1245 2847 via

147 2856 210 2927 ducit
227 2868 257 2930 in
280 2866 400 2930 Christi
432 2868 607 2948 pomarium
642 2865 797 2929 latissimo
829 2873 973 2947 saeptum
1008 2869 1178 2949 pomoerio,
1213 2869 1242 2931 in

144 2963 189 3022 quo
207 2973 261 3016 non
284 2952 428 3016 nascitur
449 2953 573 3028 vitium,
598 2974 660 3015 non
684 2952 790 3027 alitur,
815 2974 875 3015 non
894 2954 1033 3014 metitur.
1079 2952 1244 3016 Sanctitas

145 3025 197 3097 huic
221 3039 302 3102 coelo
337 3037 552 3120 praeponitur.
601 3040 642 3099 At
674 3038 856 3119 paucissimi
887 3037 1112 3100 admittuntur.
1160 3039 1240 3101 Num

144 3116 198 3182 acu
222 3123 350 3188 cucullis
382 3122 549 3187 ambulant
572 3122 603 3184 in
630 3123 689 3185 hoc
713 3124 854 3186 rosario?
900 3122 1039 3185 Minime.
1086 3125 1241 3199 Quoniam

144 3211 239 3286 purgati
262 3231 324 3273 non
348 3212 434 3272 sunt.
480 3207 627 3284 Sordent,
661 3229 722 3270 non
756 3212 833 3271 sunt
866 3209 982 3289 spiritu
1017 3209 1096 3270 bene
1130 3211 1242 3284 renati,

144 3289 201 3352 nale
225 3293 289 3358 loti.
335 3293 428 3376 Apud
452 3315 507 3356 eos
529 3293 619 3356 labor
642 3299 691 3356 est
713 3298 746 3355 et
769 3293 858 3356 dolor
881 3301 913 3355 et
937 3293 1068 3356 afflictio
1100 3293 1242 3373 spiritus.

143 3366 169 3432 ln
189 3375 290 3444 Christi
325 3378 412 3461 regia
443 3380 534 3459 quies
565 3383 613 3441 est
637 3384 668 3440 ot
691 3400 754 3460 pax
778 3383 810 3441 et
841 3378 935 3442 beata
965 3378 1184 3459 tranquillitas
1212 3385 1245 3441 et

143 3463 264 3529 antinus
284 3465 434 3541 felicitae,
457 3469 627 3546 perpetuus
651 3485 747 3526 amor.
795 3463 878 3526 llaec
903 3465 940 3526 de
964 3469 1050 3526 secta
1072 3465 1242 3526 communi.

143 3536 206 3609 llicit
226 3547 383 3624 Rufinus,⁶
411 3550 466 3631 qui
494 3549 561 3611 heri
591 3549 653 3612 fuit
680 3548 878 3631 Erphurdiae
907 3555 938 3611 et
968 3548 1100 3611 Paetum
1137 3547 1242 3612 tuum⁷

142 3625 272 3712 salutarit,
295 3635 385 3699 brevi
408 3633 473 3698 lore
504 3638 541 3697 ut
563 3633 749 3712 absolvaris
774 3639 893 3716 patrem
930 3656 998 3696 esse
1032 3632 1243 3713 Moguntiae.⁸

142 3706 200 3778 Euo
227 3720 307 3784 bono
341 3719 457 3783 animo.
502 3719 629 3783 Valebis
666 3725 759 3783 recte.
806 3719 873 3782 Xll.
910 3718 975 3782 Cal.
1011 3718 1241 3783 Gerrnanicas.⁰

265 3820 326 3875 eod.
344 3819 412 3873 Frct.
431 3820 490 3873 293.

195 3952 261 4008 ‘Der
272 3955 477 4025 Georgontbalcr
494 3955 600 4008 Kirchc.
619 3971 652 4007 an
665 3956 711 4006 der·
723 3954 840 4022 Spalatin
854 3956 920 4008 noch
935 3956 1029 4007 irnrner
1042 3955 1114 4006 scine
1129 3954 1243 4005 l'friiudc

141 4009 339 4093 (lbhcnkirehen)
358 4025 456 4077 besass.
527 4024 646 4076 'Soinor
664 4023 839 4076 unolrolichen
859 4025 964 4076 tlcbrnt.
994 4023 1052 4091 vgl.
1072 4024 1097 4075 S.
1116 4025 1149 4075 on
1170 4025 1198 4074 d.
1218 4025 1241 4073 4.

141 4082 182 4136 '⁸-
196 4087 220 4141 21
238 4096 266 4145 Α.
285 4096 307 4145 l.
379 4093 389 4124 ⁴
407 4092 432 4146 S.
454 4093 502 4144 113
520 4094 551 4144 Α.
571 4093 594 4144 2.
666 4095 676 4123 ⁵
696 4092 777 4144 Varro
796 4092 834 4143 llc
855 4109 881 4143 re
900 4096 963 4144 rust.
984 4093 1003 4154 l,
1022 4093 1054 4143 ⁴2:
1073 4090 1197 4143 d'olonus
1216 4090 1242 4141 in

200 4160 333 4214 surculario
351 4176 384 4212 ne
403 4176 480 4227 capra
500 4162 591 4212 natum
610 4164 780 4227 eorummet«
834 4161 881 4212 ⁸8.
901 4163 916 4211 l
936 4164 966 4212 Α.
988 4163 1009 4210 l.
1081 4158 1244 4210 'Vielloiclrt

161 4223 239 4287 &cister
252 4229 335 4297 Georg
352 4228 450 4281 Pactus
469 4227 554 4295 (Pota)
574 4245 621 4281 aus
635 4223 800 4294 Forchlroirn,
820 4229 919 4280 Lclnur
937 4231 1082 4280 t‘aurcrars.
1103 4226 1242 4278 Krousa.

138 4284 306 4356 1111134.
335 4297 494 4350 Ausserdem
514 4302 595 4349 neunt
613 4298 655 4349 dio
675 4297 794 4348 llatrilrol
813 4298 847 4364 (a.
870 4297 947 4363 1500)
968 4297 1033 4348 noch
1054 4300 1129 4346 ernon
1148 4294 1242 4346 l'ctrus

135 4352 185 4412 Petu
200 4378 242 4417 aus
255 4365 409 4433 Wiirahurg,
429 4365 563 4417 Professor
580 4367 626 4417 der
643 4365 789 4431 'l‘lroologio
857 4365 943 4429 ll'gl.
966 4381 1017 4416 ror.
1040 4365 1079 4417 ur.
1143 4363 1240 4419 υ111.

133 4422 270 4496 September.
289 4433 347 4501 l'gl.
365 4433 391 4487 S.
414 4432 461 4487 160
480 4437 510 4485 A.
530 4434 553 4484 2.
