2774 4966
403 39 1357 228 έΙΙΙΙΙΙΙΙΙΙΙΙΙΙΙ

392 102 394 108 ·
443 90 451 111 Ο

128 556 192 623 552
526 556 634 612 ,Brisa
652 556 699 610 dee
716 557 742 614 J.
762 556 836 612 1515.

128 731 215 812 cipes
250 727 462 810 Turingorum
496 728 677 793 continenti
714 729 867 793 discursu.
925 727 1035 811 Neque
1069 729 1131 794 rari
1162 752 1268 814 neque

128 814 264 880 conferti
302 814 445 897 hospites
482 834 660 894 cauponam
698 813 799 895 ipsius
838 814 1070 896 praetervolare
1106 821 1267 898 poterant,

128 902 204 982 quin
246 921 373 962 necesse
411 897 565 961 haberent
599 920 632 961 se
667 919 802 981 purgare
840 899 954 964 Hunno
989 905 1021 965 et
1056 900 1182 965 itineris
1217 902 1268 966 eui

128 1007 256 1050 causam
280 1005 447 1066 exponere.
495 982 620 1064 Singuli
645 1004 709 1047 non
733 985 802 1047 eine
825 985 964 1067 periculo
983 985 1156 1049 intrabant.
1203 985 1267 1051 Sed

128 1091 232 1134 meum
264 1091 327 1133 uon
352 1073 402 1132 eet
425 1069 549 1132 occulta
580 1069 756 1132 enuntiare.
803 1067 890 1148 Scio,
919 1070 995 1152 quid
1029 1071 1179 1147 dicerent,
1210 1072 1266 1154 qui

128 1157 161 1219 iu
179 1179 216 1219 ea
232 1155 514 1237 pernoctavissent.
556 1154 647 1216 Venit
663 1152 773 1218 fatalis
789 1154 866 1218 dies.
905 1155 1108 1220 Interficitur.
1145 1155 1268 1221 Petunt

128 1241 298 1304 necessarii
322 1240 569 1302 ecclesiasticam
600 1237 805 1320 sepulturam.
854 1239 1004 1322 Negetur.
1050 1241 1195 1307 Humant
1217 1243 1267 1307 vi·

129 1326 192 1390 cini
227 1346 341 1407 corpus
372 1326 405 1387 iu
436 1323 546 1386 eodem
581 1323 693 1406 opinor
727 1344 815 1403 agro,
849 1345 912 1405 quo
946 1326 1067 1390 efflavit
1099 1327 1265 1391 animam.¹

128 1410 198 1474 Non
237 1409 395 1473 assentior
432 1408 505 1484 illis,
544 1409 599 1490 qui
634 1410 817 1472 coemiteria
850 1414 977 1473 tantum
1013 1433 1103 1477 sacra
1137 1417 1266 1493 putant.

128 1494 241 1559 Omnis
263 1517 336 1558 area
360 1494 580 1557 sanctissimae
604 1492 728 1556 telluris
764 1501 823 1570 est,
859 1516 954 1576 quam
990 1497 1085 1559 etiam
1121 1496 1266 1562 Cererem

129 1585 161 1644 et
182 1579 302 1644 Rbeam
326 1584 357 1642 et
380 1578 478 1660 Opem
504 1583 535 1641 et
558 1577 706 1660 Cybelem
740 1584 772 1641 et
800 1577 1020 1662 Proserpinam
1053 1585 1085 1645 et
1115 1581 1266 1664 Magnam

129 1665 261 1728 Matrem
286 1664 450 1746 appellant
473 1663 599 1726 eruditi.
645 1663 738 1726 lacet
760 1664 858 1744 igitur
875 1666 906 1726 in
925 1671 1037 1729 sancto
1054 1668 1165 1730 matris
1181 1668 1267 1746 sinu,

128 1750 228 1814 velint
251 1751 354 1813 nolint
378 1749 498 1813 creduli
522 1748 647 1811 fratres,
693 1747 727 1810 ld
752 1750 838 1829 quod
853 1755 1010 1814 testamur
1027 1754 1267 1833 epigrammate,

128 1836 263 1918 nequis
287 1835 434 1899 manibus
458 1833 638 1897 maledicat.

263 1921 324 1984 Hie
346 1921 409 1982 sita
432 1923 508 1983 suut
532 1918 639 1981 Hunni
664 1918 809 1998 praeduri
834 1919 945 1984 militis
968 1942 1050 1997 ossa,

307 2026 365 2068 nec
388 2005 497 2087 procul
521 2003 594 2067 hine
618 2004 757 2067 animam
782 2006 907 2069 sorbuit
929 2003 1013 2070 alma
1036 2004 1139 2071 Ceres.

264 2090 393 2155 Scilicet
415 2088 475 2153 hoc
500 2090 615 2153 meruit
637 2086 733 2152 Marti
758 2090 838 2154 bene
861 2092 990 2173 cognita
1014 2091 1127 2171 virtus,

305 2175 389 2258 quod
414 2174 553 2238 lacerum
577 2174 674 2238 funus
698 2175 779 2239 mole
802 2197 893 2239 sacra
914 2177 1043 2258 tegitur.

231 2260 335 2336 Vides,
359 2260 497 2336 Urbane,
522 2282 585 2342 quo
603 2259 741 2323 tendam.
786 2260 934 2341 Perspice
950 2261 1177 2345 proprietatem
1195 2285 1266 2327 ver-

129 2345 250 2411 borum.
298 2346 389 2410 Alma
420 2344 515 2409 Ceres
538 2347 557 2408 i.
583 2368 608 2409 e.
633 2349 733 2423 terra3
763 2346 888 2410 sorbuit
910 2347 929 2410 i.
955 2372 980 2410 e.
1004 2347 1122 2426 bausit,
1155 2369 1265 2413 exsor-

129 2432 214 2510 buit3
238 2453 301 2495 nou
325 2432 396 2496 dico
419 2432 546 2513 sorpsit,
571 2432 655 2513 quod
680 2435 730 2494 eet
753 2432 857 2495 minus
889 2433 1016 2512 elegans
1046 2434 1264 2515 praeteritum.

129 2516 276 2581 Animam
300 2518 321 2580 i.
345 2540 370 2579 e.
395 2517 583 2598 sanguinem
616 2515 791 2579 secundum
823 2515 959 2581 Stoicos.
1005 2517 1122 2582 Martia
1151 2520 1265 2599 virtus,

128 2603 148 2665 i.
173 2624 198 2665 e.
223 2603 319 2666 robur
342 2607 373 2665 et
396 2601 567 2679 fortitud03
593 2602 711 2665 meruit
733 2622 823 2666 sacra
845 2602 928 2666 mole
950 2605 970 2667 i.
994 2625 1020 2668 e.
1045 2626 1135 2669 sacra
1158 2605 1265 2687 sepul·

129 2692 202 2752 tura
224 2689 299 2769 tegi.
345 2687 411 2751 Iuro
435 2692 471 2749 ut
494 2686 591 2750 funus
614 2688 752 2751 lacerum
777 2688 808 2750 iu
833 2693 946 2752 sancta
963 2693 1048 2752 terra
1063 2690 1263 2774 sepeliretur,

130 2774 260 2853 cognita
283 2773 377 2836 Marti
402 2774 503 2836 virtus
527 2772 640 2835 effecit.
688 2770 826 2836 Tantum
850 2778 906 2836 est.
952 2773 1046 2838 Emat
1062 2776 1141 2839 mibi
1158 2774 1264 2859 Nepo-

129 2856 253 2923 tianus²
285 2858 401 2940 pilulas
433 2858 662 2941 pestilentiales
690 2858 793 2921 tribua
823 2858 950 2923 Bobmis
972 2865 1004 2923 et
1028 2859 1125 2939 dicat,
1157 2866 1193 2926 ut
1215 2884 1264 2926 re·

131 2948 240 3009 centes
264 2942 385 3008 iaciant
408 2943 679 3027 pharmacopolae.
725 2942 801 3008 Vale
825 2948 856 3007 et
879 2966 1041 3027 concerpe.

286 3045 347 3099 uod
365 3044 432 3098 Frcl.
451 3044 510 3098 501.

130 3229 246 3299 mma
351 3256 353 3260 -
659 3216 731 3279 w.
920 3231 1267 3299 'wammm

504 3340 649 3410 Mutina
674 3361 723 3410 an
746 3341 886 3411 Urbau.

130 3467 283 3537 (Spoletina
311 3469 421 3521 Scbdler
444 3468 508 3520 Abel
530 3469 576 3521 hat
600 3469 707 3522 madblt.
734 3470 782 3521 wia
806 3469 934 3536 spalatin
956 3485 1006 3521 oon
1033 3468 1133 3520 seim
1159 3467 1265 3520 made

129 3536 187 3588 rond
199 3536 317 3604 Stepbun
327 3552 375 3589 am
387 3537 438 3589 dus
449 3537 554 3604 eirrrpan
567 3537 712 3590 btudentm
729 3538 910 3604 verpestreclrte
930 3537 997 3591 Geld
1010 3535 1133 3604 pebrucbt
1150 3535 1262 3597 worden.

201 3724 209 3754 ¹
227 3722 472 3786 Falclrenstein,
497 3723 549 3775 Eri.
569 3723 691 3789 Chronilr,
710 3723 773 3777 z..1.
794 3726 868 3777 1515.
888 3723 995 3790 1552:
1018 3722 1084 3776 »Um
1109 3722 1181 3775 dieue
1206 3722 1265 3775 Zait

130 3792 191 3859 trug
208 3791 265 3843 sich
292 3791 360 3844 auch
386 3808 426 3852 zu,
451 3792 512 3844 dass
537 3792 578 3843 ein
603 3791 748 3844 Edelmauu
776 3794 822 3844 aut
846 3793 898 3843 den
924 3791 1028 3858 Freitag
1055 3807 1102 3844 vor
1129 3789 1186 3844 Pfin
1219 3794 1264 3843 ten

130 3858 183 3979 gl.
194 3858 258 3922 Mai)
277 3859 326 3911 mit
344 3860 399 3911 droi
416 3860 528 3912 Plerden
548 3860 600 3911 rmd
620 3860 674 3912 drei
694 3860 832 3912 Kueobtcn
851 3876 898 3912 ror
915 3859 962 3912 das
980 3859 1171 3912 Ertturthiecbo
1214 3859 1267 3911 ortt

154 3927 264 3979 erlstedt
280 3927 340 3979 kam
359 3929 413 3980 und
432 3929 478 3980 aut
493 3929 546 3979 und
565 3927 655 3979 nicder
673 3928 733 3979 ritte
747 3969 752 3979 .
768 3969 772 3980 .
789 3968 793 3978 .
831 3929 872 3980 Da
889 3928 1013 3980 maobten
1030 3927 1088 3980 sich
1101 3927 1144 3979 die
1156 3925 1263 3980 Buuem

130 3995 182 4057 auf,
201 3994 289 4047 lieffeu
315 3995 410 4047 binaus
427 3997 480 4047 und
499 3995 625 4063 schlugon
645 3995 694 4047 don
714 3996 790 4047 einen
815 3995 920 4048 Knscbt
946 3997 1015 4060 tout,
1043 3996 1091 4047 der·
1117 3994 1264 4049 Edelmann

130 4062 193 4114 aber
217 4063 330 4115 retirirto
355 4064 412 4115 sich'
436 4065 504 4116 uoclr
528 4064 577 4114 ruit
602 4065 661 4114 daur
681 4065 778 4116 andern
799 4064 908 4116 Kneobt.
946 4064 995 4116 Ilio
1025 4063 1128 4115 Bauern
1155 4063 1264 4114 ttibrteu

131 4131 177 4183 des
195 4131 390 4199 Erscblagcneu
409 4132 500 4184 Pterdt
518 4132 543 4183 iu
563 4132 604 4183 die
623 4132 705 4188 suda
724 4133 773 4183 deo
792 4134 880 4184 todten
900 4131 1043 4184 Menachen
1055 4132 1118 4184 aber
1130 4130 1264 4197 begruben

131 4199 171 4252 aie
190 4216 229 4252 wo
248 4216 276 4252 er
293 4200 357 4267 lag«
392 4200 446 4252 Iler
463 4201 548 4252 Narne
569 4200 633 4252 uird
652 4216 722 4253 zuar
738 4201 812 4252 nicht
830 4204 952 4268 genennt,
965 4200 1029 4252 aber
1041 4199 1083 4252 die
1096 4198 1265 4267 Remorkung

130 4267 196 4319 tiber
213 4269 260 4321 das
279 4267 429 4335 Begrtibuia
449 4268 491 4321 die
511 4268 579 4320 auch
598 4268 624 4319 in
643 4269 702 4320 doru
722 4268 809 4320 Rriefo
827 4269 983 4335 vorkommt,
1007 4267 1111 4320 scheint
1134 4267 1212 4319 daitir
1230 4284 1264 4320 zu

130 4336 266 4403 sprecben,
286 4338 346 4389 dass
365 4337 451 4388 dieser
469 4335 566 4388 Vorfall
585 4337 701 4404 gemeint
719 4338 759 4389 ist.
826 4336 974 4389 'Andreas
992 4336 1034 4399 N,
1053 4335 1158 4388 Urbana
1175 4334 1265 4401 bleffe,

130 4418 185 4456 war
208 4404 244 4455 im
270 4403 399 4457 Frtih'ahr
424 4406 490 4456 1515
514 4419 562 4455 aus
585 4405 645 4456 dem
669 4405 777 4457 Dienste
801 4404 847 4456 dee
870 4405 944 4473 Greg.
965 4403 1089 4482 Agricola
1106 4404 1132 4456 in
1151 4402 1265 4457 Breslau

129 4471 228 4524 wieder
249 4473 317 4525 nach
338 4421 431 4526 llrturt
454 4472 671 4540 zurt'rokgekehrt,
697 4489 749 4525 von
767 4488 808 4525 wo
826 4488 854 4525 er
872 4472 919 4528 aut
935 4471 1051 4525 Matiana
1075 4470 1264 4524 wiederholten

119 4538 177 4594 lau
190 4541 261 4596 nacb
279 4538 348 4597 Rom
366 4540 506 4614 gesobiolrt
524 4540 632 4597 werden
649 4540 736 4598 sollte.
768 4539 798 4595 S.
815 4541 863 4595 atr
885 4542 916 4593 A.
933 4542 957 4593 3.
