2774 4966
367 662 474 717 Mutina
493 676 527 714 an
545 658 700 713 Rhenanus.
735 656 841 710 Mutisu
860 670 895 708 an
913 654 1004 709 Jonas.
1189 656 1252 720 623

123 853 216 898 verus
247 834 385 895 nonest
411 830 502 894 libris
533 832 712 905 contentus,
742 826 868 908 quaerit
897 825 992 888 etiam
1027 823 1252 888 simulachrum

126 916 278 983 authoris.
559 940 562 945 ·
1037 908 1150 973 Viuite.

278 1013 497 1068 Stadtbibliothelr
516 1012 542 1064 in
561 1011 740 1065 Schlettetadt.
777 1008 938 1077 hutogrnph.

124 1167 242 1235 (cotun)
649 1148 721 1211 554.
1014 1160 1065 1229 (¹29.
1084 1160 1147 1212 Junr
1167 1160 1253 1229 1520.)

496 1273 642 1343 Midian
663 1292 713 1342 au
735 1270 877 1340 Jonas.¹

127 1402 376 1470 (Entschutdr'punp.
401 1402 465 1454 dass
488 1419 517 1454 er
539 1401 605 1453 noch
626 1399 700 1453 nielrt
718 1403 896 1466 peasrtwortet.
936 1397 1020 1464 Geyer
1044 1395 1116 1449 Les’s
1143 1395 1257 1464 Anpniff

580 1468 636 1535 aus
649 1467 801 1533 Erasmus.)

177 1582 386 1635 celeberrimo
406 1579 538 1631 doctori‘
557 1583 589 1631 et
607 1580 757 1630 canonico
774 1577 968 1629 Erfurdiensi
991 1576 1083 1628 Justo
1102 1576 1202 1628 Jonas

375 1666 475 1715 amen
493 1679 532 1716 ex
549 1665 653 1716 anduno
671 1663 801 1715 colendo
820 1659 1005 1714 mutianus!

191 1777 321 1839 Amicus
343 1776 445 1839 amieo
468 1776 570 1839 Jonas
593 1774 690 1858 probe
713 1774 807 1837 docto
834 1771 1016 1836 Moetianus
1039 1770 1070 1835 S.
1095 1771 1129 1834 P.
1153 1771 1190 1834 D.

227 1877 268 1942 Et
297 1878 384 1940 chori
414 1877 630 1941 vadimonium
655 1882 688 1940 st
709 1874 885 1957 apostolica
917 1871 1020 1936 sacra*
1055 1894 1136 1954 quae
1169 1895 1255 1938 nune

129 1963 252 2026 instant
275 1968 308 2026 st
330 1961 484 2043 epistolae
498 1968 574 2027 tuae
589 1962 740 2044 majestas
756 1980 820 2024 non
836 1959 1011 2040 patiuntur,
1028 1956 1257 2023 humanissime

129 2047 250 2125 doctor,
278 2052 315 2111 ut
336 2046 376 2111 ad
400 2067 437 2109 ea
460 2047 678 2127 respondeam,
703 2067 784 2127 quae
807 2043 900 2108 docte
922 2047 957 2107 tu
980 2043 1109 2124 quidem
1132 2047 1164 2108 et
1185 2065 1257 2127 gra·

126 2133 207 2197 viter
242 2153 297 2214 pro
331 2130 462 2195 Ernsmo
497 2131 679 2196 declamas!
725 2131 806 2194 Nam
840 2134 910 2194 toto
944 2134 981 2192 ut
1009 2128 1102 2210 ajunt
1134 2150 1255 2211 organo

125 2217 357 2301 praedicandus
390 2221 439 2280 est
466 2217 545 2280 mihi
577 2218 771 2299 piscatorum
805 2214 1023 2279 nobilissimus
1045 2217 1077 2276 st
1100 2212 1255 2279 nobilium

127 2304 352 2384 magistrorum
365 2301 664 2366 vehementissimus
675 2300 697 2364 :⁸
713 2299 808 2364 ambo
829 2300 950 2363 lumina
966 2298 1095 2379 pietatis
1111 2301 1257 2381 exempla

129 2387 209 2451 bene
233 2388 389 2469 beateque
412 2387 548 2451 vivendi.
594 2387 685 2450 Prior
706 2393 782 2450 tuus
804 2407 873 2449 esse
895 2383 1026 2465 gentilis
1046 2383 1181 2460 uidetur,
1204 2391 1257 2449 ut-

126 2478 201 2555 pote
229 2471 301 2545 ἴσος
323 2460 452 2554 ’1ώνᾳ,·
479 2473 527 2536 uir
555 2476 707 2536 constans
737 2476 811 2552 post
832 2470 967 2551 lapsum,
995 2468 1130 2551 simplex
1152 2472 1185 2533 st
1207 2471 1256 2534 in·

126 2578 250 2639 genuus
271 2562 305 2620 et
326 2557 415 2620 mitis
437 2558 529 2638 quasi
553 2547 652 2640 ἡμένη
679 2544 825 2634 πελειάς,
856 2556 905 2618 vel
937 2553 1045 2636 potius
1074 2545 1260 2637 πραότερος

127 2638 337 2737 ῃεριστερᾶς;
368 2643 525 2722 posterior
555 2643 614 2705 etsi
645 2662 709 2706 uon
732 2641 918 2722 simpliciter
942 2642 978 2701 ut
1000 2639 1115 2717 socius,
1149 2645 1256 2703 tamen

128 2716 332 2809 αγοητεὺτως
363 2733 395 2789 et
427 2749 504 2809 pure
537 2731 569 2790 et-
601 2731 711 2790 sancte
749 2727 902 2790 tractavit
937 2724 1088 2804 mysteria
1125 2723 1254 2789 Christi.

128 2811 263 2890 Propter
285 2810 379 2874 hasce
402 2812 481 2875 duas
503 2833 578 2876 oves
600 2812 661 2875 rite
683 2816 884 2875 consecratas
902 2829 964 2871 non
982 2809 1072 2872 licuit
1094 2809 1257 2890 indulgere

128 2897 212 2961 stilo.
269 2896 338 2960 Erit
375 2903 481 2960 autem
520 2898 598 2960 mihi
635 2918 738 2974 curae,
770 2903 807 2960 ut
840 2917 909 2958 eras
942 2894 991 2956 vel
1024 2894 1064 2956 ad
1098 2916 1257 2959 summum

131 2981 280 3064 perendie
301 2985 369 3044 tnm
394 2983 477 3045 votis
493 2983 559 3044 tuis
574 2987 642 3045 turn
659 2980 906 3063 elegantissimis
928 2977 1029 3041 literis
1051 2979 1256 3074 satisfaciam.

127 3066 253 3133 Miraris
275 3088 334 3130 nos
356 3065 551 3130 incaluisse.⁷
596 3066 674 3143 Quis
697 3088 759 3131 non
783 3066 931 3129 ardenter
952 3069 1112 3128 evomeret
1133 3063 1258 3126 anolo-

127 3142 246 3233 psopdn
267 3151 429 3215 Erasmica
451 3151 538 3215 laesa
559 3150 728 3231 dignitate,
751 3173 832 3233 quae
855 3149 947 3213 bonis
970 3149 1119 3213 omnibus
1142 3151 1257 3214 merito

128 3258 201 3300 cara
235 3237 330 3300 debet
365 3235 456 3299 esse?
499 3236 549 3299 lta
572 3236 610 3299 de
632 3236 785 3300 studiosis
817 3235 937 3317 optime
969 3238 1107 3297 meretur
1136 3235 1185 3298 vir
1206 3234 1259 3300 ille

129 3342 281 3385 summus.
327 3320 410 3385 Usus
441 3321 502 3383 iste
533 3320 642 3384 laevus
666 3320 762 3385 Leus⁸
786 3321 910 3383 videtur
931 3319 1110 3382 invidorum
1134 3326 1166 3384 et
1187 3342 1258 3403 per-

129 3406 262 3471 lidorum
287 3406 432 3470 consilio.
478 3404 613 3469 Subolet
635 3407 730 3483 enim,
754 3406 829 3488 quid
854 3404 1006 3468 barbaros
1030 3404 1111 3468 male
1129 3403 1256 3469 habeat.

130 3488 354 3555 Subornarunt
390 3491 552 3568 stolidum,
590 3491 756 3568 insulsum,
798 3512 868 3554 vere
901 3490 1073 3566 asininum,
1113 3491 1169 3570 qui
1202 3491 1258 3554 ad-

131 3597 239 3638 versus
268 3577 365 3640 solem
394 3574 528 3639 ruderet.
574 3574 679 3640 Testis
701 3581 750 3638 est
773 3576 976 3639 doctissimus
1010 3575 1146 3656 quisque
1179 3574 1258 3639 nihil

130 3661 233 3741 egisse
255 3659 363 3737 Lsum,
387 3663 516 3723 tantum
540 3660 602 3723 sibi
626 3669 658 3723 et
679 3661 746 3724 suis
762 3659 913 3734 obfuisse,
930 3660 1015 3740 quod
1031 3661 1259 3741 epigrammate

130 3744 353 3810 confirmamus
386 3746 426 3808 ad
461 3743 632 3809 Adamum⁹
671 3746 863 3827 singularem
901 3744 1123 3826 philosophum
1160 3766 1259 3827 nuper

198 3874 214 3920 ι’
226 3896 276 3932 soor
293 3876 366 3930 loire.

199 3949 208 3979 ¹
226 3945 285 4015 Vgl.
303 3945 329 4000 S.
347 3945 398 4000 589
416 3947 446 3999 h.
466 3946 490 3998 3.
560 3944 668 3997 'duris
703 3944 735 3998 Iu
752 3945 799 3996 der
817 3943 939 4012 hlutrikel
964 3945 1030 3998 1519
1055 3944 1139 3998 heisst
1161 3945 1256 3998 Jonas:

129 4015 153 4068 J.
172 4031 197 4069 u.
217 4015 369 4083 designatus
387 4013 426 4077 D.,
444 4014 500 4067 aed.
519 4013 601 4066 Ssvcr
627 4013 722 4067 (lunen.
795 4013 937 4066 ³dussero
962 4014 1082 4066 Adresso.
1153 4012 1260 4065 ‘Peter

129 4100 155 4136 u.
174 4083 249 4137 Paul.
320 4085 330 4116 ⁶
349 4081 407 4148 Vgl.
425 4082 505 4135 Jonas
523 4097 557 4134 an
575 4081 647 4149 Lsng
668 4082 705 4133 nr.
724 4080 779 4133 Juli
799 4082 874 4145 1519,
892 4082 920 4133 iu
938 4080 1076 4138 Krause,
1094 4081 1158 4149 Epp.
1178 4081 1258 4149 aliqu.

130 4169 153 4218 p.
173 4153 205 4203 21
225 4168 263 4218 sq.
326 4152 337 4182 ⁰
355 4150 457 4214 Petrus,
476 4150 525 4201 wie
544 4150 592 4201 mit
610 4150 670 4201 dem
688 4149 825 4216 folgenden
845 4149 971 4217 magister
988 4149 1087 4203 Paulus
1105 4148 1260 4202 bezeichuct

130 4220 206 4283 wind,
224 4221 257 4271 da
274 4219 310 4271 M.
329 4233 372 4271 uns
390 4218 458 4286 Tage
481 4218 559 4270 Peter
582 4217 636 4270 uucl
660 4218 725 4270 Paul
755 4218 879 4270 schreibt.
950 4217 1007 4270 'In
1032 4218 1092 4269 dein
1110 4217 1154 4271 Br.
1174 4234 1198 4272 v.
1217 4217 1259 4269 24.

131 4286 183 4339 Mar
213 4288 279 4340 1520
307 4303 339 4339 nn
368 4286 448 4349 Ian,
475 4286 526 4337 deu
554 4286 641 4338 dieser
667 4285 814 4352 mitgeteilt.
850 4285 895 4338 Nr.
923 4285 981 4338 633.
1053 4287 1183 4354 ⁸Gcgncr
1212 4286 1259 4337 des

131 4355 264 4407 Erasmus.
293 4355 352 4423 Vgl.
371 4371 404 4406 zu
423 4303 464 4406 dr.
484 4354 542 4407 1133.
572 4353 624 4406 llas
639 4352 780 4421 ll'ostspiel
798 4353 889 4405 laevus
907 4352 977 4406 Lens
995 4353 1085 4406 macht
1102 4353 1170 4407 auch
1189 4351 1259 4405 Rhe·

131 4439 215 4476 nunus
242 4438 275 4476 au
299 4422 402 4490 Spiegel
421 4421 446 4473 iu
465 4422 529 4489 Epp.
553 4422 632 4488 aliqu.
656 4423 706 4474 uir.
725 4423 821 4474 doctor.
841 4424 890 4475 ete.
909 4420 991 4475 Busil.
1012 4421 1078 4476 1520
1095 4422 1122 4474 X
1141 4421 1189 4473 2n.

167 4491 245 4545 'Ad
272 4491 353 4544 (latit
370 4505 418 4542 aus
438 4489 527 4556 fulda,
546 4504 566 4542 s.
589 4490 654 4543 1512
671 4491 700 4541 in
718 4489 814 4549 Erlmt,
838 4490 910 4542 einer
936 4490 983 4541 der
1009 4489 1260 4543 schwhrmerischeu

133 4558 266 4612 Verehrcr
294 4560 341 4612 des
371 4558 505 4611 Erasmus.
551 4548 626 4610 Uber
654 4559 699 4610 ihu
729 4558 780 4625 vgl.
814 4557 970 4625 Strieder.
995 4558 1068 4610 hess.
1094 4557 1273 4609 (teneamus.

131 4627 271 4695 Krause,
289 4627 319 4682 Ε.
337 4626 413 4680 Hess.
432 4627 453 4691 l,
471 4627 522 4679 306
540 4626 566 4680 ff.
