2774 4966
127 613 192 680 460
546 611 633 666 Briofe
651 611 698 666 dos
716 612 741 666 J.
763 613 837 669 1514.

131 788 226 850 homo
249 807 358 854 sarius,
383 785 433 847 ille
453 784 569 866 justus,
594 784 644 846 ille
669 784 826 865 perfectus
856 788 904 847 est
928 789 957 847 et
984 785 1158 867 praeceptis
1188 807 1259 848 coe-

132 871 267 935 lestibus
301 871 537 951 obtemperans,
562 892 632 932 rere
655 870 702 932 del
727 871 838 944 cultor,
873 870 963 951 cujus
997 871 1152 934 sacrificia
1184 876 1262 934 sunt-

132 959 226 1022 beata
258 956 483 1038 tranquillitas,
519 956 729 1018 mansuetudo
763 957 859 1017 animi
891 963 922 1018 et
953 957 1019 1018 vita
1053 957 1206 1019 innocens
1229 961 1262 1019 et

135 1050 226 1106 actus
251 1043 334 1104 honi.
381 1042 464 1105 lleus
488 1042 571 1103 enirn
597 1065 659 1104 non
684 1042 842 1104 desiderat
866 1063 977 1121 panem
1003 1043 1173 1119 triticeum,
1197 1064 1260 1105 non

135 1150 305 1213 popanum,
331 1126 470 1201 bellaria,
495 1128 648 1190 victimas.
677 1148 736 1188 non
762 1128 920 1198 candelae,
943 1150 1060 1202 caseos
1078 1150 1147 1203 ova,
1165 1149 1260 1209 pecu-

132 1237 227 1291 niam,
253 1213 351 1276 mulla
375 1213 481 1288 rerba,
505 1234 586 1293 qnae
609 1218 685 1274 sunt
707 1213 818 1292 utique
850 1215 1030 1276 vanissima.
1078 1213 1262 1294 lmponatur

133 1302 273 1363 ineram
308 1299 367 1374 dei,
395 1320 476 1378 quae
500 1300 531 1360 in
556 1300 648 1361 corde
679 1298 817 1361 hominis
850 1298 1003 1362 collocata
1037 1305 1095 1373 est,
1125 1299 1261 1380 justitia,

132 1387 220 1462 fides
253 1385 417 1467 patientia,
449 1385 642 1454 innocentia,
677 1385 819 1461 castitas
850 1385 1046 1447 abstinentia
1078 1389 1110 1447 et
1140 1390 1263 1448 ceterae

135 1474 277 1535 virtutes.
324 1469 418 1532 Nulla
442 1471 544 1532 verior
566 1470 685 1551 religi0,
712 1470 797 1532 nulla
820 1470 870 1532 lex
895 1473 1042 1546 sanctior,
1067 1493 1161 1552 quam
1180 1492 1263 1553 qnae

135 1558 227 1621 docet
246 1557 332 1637 juste
356 1577 392 1617 ac
415 1555 555 1636 legitime
579 1556 697 1633 virere3
722 1555 772 1617 hic
795 1560 842 1618 est
866 1558 1049 1619 verissimus
1082 1557 1171 1633 ritus,
1202 1557 1263 1619 hoc

133 1648 183 1706 est
211 1641 329 1705 Christi
363 1641 478 1721 dogma
511 1641 705 1723 praeclarum
731 1647 762 1704 et
785 1641 927 1705 divinum
960 1644 1262 1724 sempiternumque,

134 1735 220 1793 recta
243 1732 273 1790 et
298 1727 431 1789 honesta
451 1727 579 1808 jubens,
603 1749 699 1809 prava
722 1731 833 1789 vetans
857 1734 887 1788 et
911 1729 1025 1809 turpia,
1050 1728 1140 1809 cujus
1171 1750 1264 1791 sanc·

134 1816 277 1879 tissimae
309 1835 346 1874 ac
374 1813 569 1875 certissimae
598 1813 677 1892 legis
706 1814 810 1893 capita
843 1812 999 1876 habentur
1022 1815 1053 1876 in
1081 1814 1264 1894 Evangelio,

134 1900 220 1983 quod
249 1903 297 1961 est
324 1898 492 1960 formatum
522 1921 560 1960 ex
589 1899 696 1961 schola
721 1899 868 1962 hebraica
892 1901 984 1962 etde
1008 1901 1104 1962 sectis
1135 1900 1264 1980 Epicuri
1300 1959 1302 1964 .

135 1991 167 2050 et
190 1986 378 2050 Stoicorum.
424 1983 510 2046 Nihil
535 1988 639 2046 eutem
665 1984 719 2047 illa
741 1984 912 2065 singularis
942 1985 1091 2067 majestas
1113 1985 1199 2049 eliud
1223 1986 1264 2048 ab
1330 2043 1332 2048 .

137 2071 263 2136 homine
288 2071 445 2132 desiderat
469 2090 561 2149 quam
583 2070 682 2132 solam
700 2070 926 2146 innocentiam,
944 2092 1039 2151 quarn
1056 2072 1082 2134 si
1099 2072 1264 2148 obtuleris,

136 2159 215 2222 satis
239 2158 289 2239 pie
311 2155 520 2236 religioseque
544 2154 655 2218 litasti.
702 2153 853 2219 Continet
869 2155 947 2220 haec
963 2158 1031 2239 ipsa
1048 2159 1127 2222 duas
1144 2161 1264 2239 partes:

135 2245 253 2309 donum
277 2247 310 2304 et
332 2241 532 2304 sacrificium.
578 2241 703 2305 Donum
739 2246 788 2305 est
823 2242 991 2324 integritas
1026 2243 1135 2322 animi,
1168 2243 1265 2308 sacri-

134 2330 240 2395 ficium
265 2328 335 2392 laus
358 2332 390 2390 et
413 2328 557 2409 hymnus
604 2327 638 2391 Si
661 2329 744 2391 enim
769 2328 846 2392 deus
870 2350 931 2392 non
957 2330 1091 2402 videtur,
1116 2351 1191 2412 ergo
1215 2329 1266 2392 his

91 2465 93 2468 ψ
134 2416 229 2480 rebus
253 2415 313 2478 coli
336 2413 439 2490 debet,
464 2436 546 2494 qnae
569 2435 632 2477 non
651 2414 806 2477 videntur.
853 2414 947 2478 Nulla
963 2416 1060 2497 igitur
1076 2417 1138 2480 alia
1155 2416 1266 2497 religio

136 2508 186 2566 est
208 2524 290 2577 vera,
315 2500 376 2562 nisi
400 2521 480 2582 quae
504 2501 620 2563 virtute
643 2523 680 2563 ac
699 2500 828 2584 justitia
851 2507 986 2564 constat.

290 2600 352 2654 tud.
374 2600 439 2654 Frcl.
459 2600 517 2654 372.

139 2774 253 2841 (cotue)
664 2757 736 2820 392.
1060 2772 1085 2823 s.
1105 2773 1171 2841 eug.
1192 2775 1267 2827 1511.

378 2882 522 2953 Mutian
545 2904 591 2953 un
621 2883 746 2954 Urban
771 2884 847 2953 und
870 2883 1023 2953 ljoban.¹

138 3014 321 3082 (Beqrtr‘ssuny
337 3013 381 3066 des
400 3013 624 3082 Hynmouruplren
643 3014 704 3068 Eub.
724 3014 833 3077 Herses,
861 3013 952 3066 Urbnn
969 3014 1050 3065 werde
1068 3013 1127 3066 ihm
1143 3013 1192 3065 den
1212 3012 1269 3065 lli-

261 3108 262 3111 ¹
322 3083 439 3151 urnphus
456 3082 554 3136 Neobii
570 3083 675 3152 scr'qem
694 3100 722 3136 er
739 3084 801 3136 sollo
818 3082 949 3136 Rcrrclrlin
964 3082 1089 3150 weber.)

193 3197 406 3248 Sacrosanotls
424 3198 501 3248 viris
518 3198 646 3249 Urbano
666 3202 697 3249 ot
714 3198 844 3248 Eobeno
861 3199 987 3259 ingenio
1006 3201 1038 3248 et
1056 3197 1217 3246 doetrinae

489 3284 725 3344 praestantibus
742 3284 786 3333 M.
804 3282 915 3333 Rufus.

243 3394 274 3458 S.
321 3393 445 3467 Nescio,
469 3419 509 3458 an
528 3395 620 3458 Picus
638 3393 764 3458 Comes¹
783 3395 1000 3456 concitatioris
1017 3392 1271 3471 anlentiorisque

139 3480 270 3562 spiritus
290 3481 320 3543 in
338 3481 518 3545 scribundis
542 3481 666 3562 hymnis
690 3482 792 3544 luerit.
839 3482 923 3542 Sane
947 3484 1035 3561 patet
1058 3478 1271 3540 eruditissime

139 3567 284 3648 scriptos
307 3572 445 3630 ceterum
470 3568 548 3630 adeo
572 3567 725 3630 obscuros
749 3590 827 3638 esse,
851 3571 887 3629 ut
911 3566 971 3627 nisi
994 3563 1165 3626 luculentis
1181 3585 1272 3625 euar-

138 3652 318 3715 rationibus
341 3653 607 3729 illuminarentur,
631 3653 775 3716 ducerem
793 3673 851 3732 ego
868 3651 916 3714 vel
934 3650 1111 3712 Cimmeriis
1130 3648 1273 3712 tenebris

143 3738 189 3801 vel
207 3738 299 3802 illuni
315 3744 407 3801 nocte
424 3739 632 3802 obscuriores.
680 3739 720 3801 ht
744 3738 851 3800 Hessei
868 3750 881 3776 ³
904 3731 1149 3818 hymnographi⁸
1169 3736 1272 3815 pietas

140 3823 234 3904 plena
254 3823 405 3904 juvenilis
437 3825 556 3888 ardoris
587 3824 760 3887 meridiana
788 3824 857 3886 luce
890 3822 1002 3885 clarior
1030 3827 1087 3883 est.
1134 3821 1271 3902 Rapitur

207 3974 220 4001 a
233 3959 312 4013 Hessi
335 3959 408 4011 Tenr.

210 4028 299 4081 ¹E0b.
325 4028 426 4081 Hcssus
455 4045 509 4080 nar
536 4029 600 4081 kurz
626 4044 714 4088 curvor,
733 4042 774 4078 arn
794 4026 834 4077 21.
852 4025 916 4090 lull,
934 4025 1003 4076 nach
1023 4024 1110 4077 Erturt
1129 4022 1274 4090 zuri'rokge-

139 4097 224 4157 kohrt,
243 4097 375 4149 uaohdem
396 4113 424 4149 er
442 4101 457 4151 5
476 4097 558 4149 lehre
577 4098 638 4164 lang
655 4096 712 4148 sich
730 4096 757 4145 in
776 4093 946 4161 Riesenbrurg.
970 4093 1110 4146 Franksurt
1128 4109 1150 4146 a.
1171 4091 1200 4144 0.
1220 4092 1275 4143 und

139 4166 249 4234 Leipzig
275 4165 443 4233 autgoholten
471 4167 552 4217 hatto.
590 4166 647 4217 Von
676 4164 807 4216 Proussen
835 4179 883 4215 aus
911 4163 982 4215 hatte
1005 4178 1033 4213 er
1058 4163 1115 4213 eino
1139 4159 1276 4227 poetische

140 4234 340 4303 Beschreibuug
359 4235 404 4286 des
424 4234 529 4286 landes
549 4251 582 4286 an
600 4233 700 4285 lintion
720 4232 836 4300 gesnndt,
857 4235 944 4283 zuerst
959 4231 1086 4297 gedruckt
1098 4231 1185 4297 Leipz.
1201 4229 1275 4280 1511.

140 4303 279 4360 Krauso,
298 4303 326 4354 ll.
346 4302 421 4355 Hess.
442 4303 463 4363 I,
482 4304 523 4354 tlh.
546 4304 602 4353 121.
639 4302 773 4369 l'gl.ohon
793 4300 818 4352 S.
837 4300 871 4352 68
889 4304 919 4351 A.
941 4302 962 4350 1.
992 4297 1277 4367 Arulltngschriob

142 4389 171 4424 or
188 4390 238 4424 rou
257 4371 346 4424 Erlurt
367 4388 414 4423 aus
434 4388 464 4423 1111
486 4371 596 4433 lintion,
616 4372 662 4422 der
680 4375 747 4422 cisto
767 4369 848 4421 Gruss
876 4369 922 4419 urit
945 4369 1005 4419 dcrn
1030 4368 1162 4435 Eiugange
1190 4365 1276 4418 Salvo.

142 4440 232 4493 Dahor·
249 4440 367 4492 Mutians
388 4443 509 4491 hutnort
528 4440 552 4490 in
572 4440 671 4492 diesem
692 4439 747 4490 Bu:
766 4437 844 4490 Salve
863 4443 889 4486 ot
907 4443 936 4488 tn
954 4441 1003 4488 otc.
1031 4437 1133 4488 Eobaus
1152 4435 1193 4488 Br.
1213 4433 1279 4500 lolgt

143 4512 225 4561 uuten
244 4509 283 4561 als
303 4509 348 4561 Nr.
369 4509 429 4561 532.
485 4511 495 4540 ²
513 4508 593 4561 Picus
612 4525 636 4559 v.
654 4505 801 4560 llirnndola
819 4507 849 4573 (l
869 4506 945 4573 1533)
964 4505 1068 4557 sohrieb
1081 4502 1278 4557 unternnderm

141 4577 264 4645 religioso
277 4576 302 4628 Η
323 4592 410 4629 mnen.
465 4577 475 4606 ³
492 4576 526 4630 So
536 4579 616 4629 nennt
633 4593 662 4629 er
678 4576 725 4628 ihn
743 4590 835 4644 irogen
853 4573 1278 4641 1111111111111011111111511151514),

140 4645 182 4699 dio
200 4663 229 4700 er
246 4661 279 4700 an
326 4646 400 4700 utian
418 4661 461 4700 nm
480 4647 506 4698 4.
526 4648 595 4714 Aug.
614 4644 776 4714 oingosandt.
