2774 4966
401 33 1355 303 Ι.-

128 580 190 647 154
502 588 590 645 Brtate
607 606 658 645 ron
679 590 861 649 1508-1509.

129 762 261 838 tatione,
286 762 361 845 quid
385 764 427 828 sit
449 762 585 846 spoliare
615 762 743 846 cingulo
774 762 913 837 militari,
944 762 1081 829 libenter
1112 764 1261 848 expedio.

130 842 210 911 Vera
232 848 359 929 quidem
384 855 432 912 est
454 844 613 930 Euripidis
637 851 808 913 sententia:
836 850 923 929 „Qua
946 850 977 912 in
1002 874 1035 913 re
1050 850 1154 913 clarus
1170 851 1262 931 quis-

131 957 192 1016 que
223 941 280 1005 est,
311 936 350 997 ad
382 958 449 998 eam
484 942 648 1015 propernt3
683 934 713 998 in
737 953 801 1017 qna
823 954 897 998 vero
921 935 1014 999 nihili
1037 941 1070 998 et
1091 937 1262 1018 stupidior,

132 1020 205 1082 inde
242 1020 353 1100 effugit
390 1028 422 1082 et
459 1021 664 1083 contenuiit.“
722 1022 882 1097 Quantum
921 1018 1004 1084 enim
1043 1021 1263 1087 balbutientes

131 1106 235 1186 legum
259 1113 456 1169 eruscatores
480 1106 658 1187 praestigiis
689 1107 874 1187 ollutiisque
896 1108 962 1169 suis
986 1106 1102 1181 favent,
1131 1111 1261 1171 tantum

131 1213 189 1272 ego
223 1191 264 1253 ab
298 1191 419 1254 umbris
457 1192 518 1254 illis
557 1192 722 1256 verborum
761 1193 903 1255 inanium
939 1197 970 1254 et
1003 1192 1127 1273 frigidis
1164 1192 1263 1274 nugis

130 1276 272 1339 resiliens
306 1279 473 1357 acquiesco
507 1279 573 1340 tuis
606 1279 730 1341 studiis,
780 1278 885 1342 lllcdia
918 1282 1072 1353 vetustas,
1106 1299 1172 1341 non
1206 1278 1264 1342 illa

131 1361 269 1443 politior,
293 1368 437 1424 numerat
461 1364 542 1425 inter
565 1363 714 1426 militaria
737 1369 925 1426 ornamenta
957 1368 1114 1427 scorteum
1145 1363 1262 1442 lorum,

131 1447 215 1528 quod
238 1447 293 1510 alii
316 1449 476 1527 cingulum
509 1453 633 1511 vocant.
680 1449 761 1511 Olim
799 1450 886 1530 pueri
920 1448 1059 1512 libertini
1087 1470 1143 1529 pro
1172 1448 1264 1512 bulla

132 1531 232 1596 lorum
256 1538 412 1596 scorteum
437 1533 616 1614 gestabant.
663 1533 793 1596 Invenio
816 1541 956 1616 torques,
973 1535 1124 1607 armillas,
1148 1533 1263 1599 hastas

132 1618 282 1698 pu1·aS,⁰¹
308 1619 462 1700 phaleras,
487 1642 619 1682 coronas
653 1621 735 1682 inter
769 1619 851 1682 dona
887 1620 1045 1682 militaria.
1090 1619 1199 1696 Quid?
1232 1620 1262 1683 si

130 1710 274 1783 torquem
299 1705 385 1768 illuni
410 1729 550 1781 aureum,
575 1728 638 1786 quo
662 1707 850 1769 decorantur
883 1711 989 1769 aetate
1016 1711 1125 1769 nostra
1147 1706 1203 1785 qui
1225 1706 1262 1768 in

130 1790 244 1853 militia
267 1791 391 1854 fortiter
414 1791 524 1865 fecere,
548 1792 709 1871 cingulum
731 1791 926 1873 appellemus
948 1814 967 1853 a
990 1790 1157 1873 cingendo,
1173 1791 1262 1872 qnod

130 1875 244 1938 collum
274 1884 448 1958 pectusque
477 1879 611 1957 cingat?
655 1878 725 1940 Vidi
757 1878 908 1959 patricios
941 1876 1078 1940 Venetos
1112 1882 1263 1958 gerentes

130 1961 292 2042 cingulum
324 1985 361 2025 ex
393 1964 492 2026 serico
515 1987 534 2026 a
557 1963 637 2026 collo
668 1963 700 2026 in
731 1964 816 2026 latus
849 1963 1030 2045 dependens
1059 1961 1263 2042 alterumque

129 2045 294 2111 brachium
317 2049 470 2112 ambiens.
515 2049 714 2112 Modestinus
734 2047 971 2129 jureconsultus
995 2048 1105 2129 poenis
1120 2047 1260 2111 militum

129 2133 316 2196 adnumerat
351 2135 603 2216 castigationem,
634 2135 778 2203 multam,
801 2156 966 2197 munerum
990 2133 1261 2209 interdictionem,

129 2217 263 2282 militiae
312 2222 533 2292 mutationem,
582 2221 701 2300 gradus
746 2221 963 2301 dejectionem,
1013 2218 1262 2300 ignominiosam

130 2305 322 2368 missionem.
368 2306 489 2370 Gellius
512 2305 606 2368 refert
628 2306 711 2370 inter
734 2306 926 2387 ignominias
944 2305 1108 2381 militares,
1141 2302 1263 2385 quibus

130 2389 248 2454 milites
280 2392 516 2466 coercebantur,
552 2391 648 2454 luisse
681 2392 847 2472 sanguinis
881 2391 1073 2454 missionem.
1126 2389 1264 2467 Quaeris

130 2475 258 2539 locum?
302 2476 397 2540 Libro
421 2478 457 2539 X.
483 2499 549 2558 cap.
582 2477 659 2539 Vlll.
706 2476 896 2540 Plutarchus
926 2476 1025 2540 tradit
1055 2498 1156 2556 genus
1188 2476 1263 2539 aui·

129 2562 358 2625 madversionis
380 2564 464 2643 apud
488 2564 608 2644 priscos
631 2562 738 2637 luisse,
756 2568 790 2625 ut
806 2563 896 2626 miles
912 2563 1029 2625 tunicis
1053 2560 1263 2624 interioribus

131 2648 244 2711 solutis
283 2647 399 2712 fossam
438 2649 544 2712 fodere
581 2671 684 2712 coram
724 2649 863 2711 exercitu
902 2653 1075 2728 cogeretur.
1126 2646 1263 2710 lnermis

130 2754 256 2814 qnoque
284 2734 373 2796 miles
398 2757 460 2797 nou
484 2738 551 2797 erat
582 2735 730 2816 impunis,
762 2734 815 2814 qui
840 2734 865 2794 si
890 2734 1068 2796 centurioni
1102 2732 1263 2813 castigare

129 2841 163 2881 se
186 2819 304 2882 volenti
329 2821 424 2882 vitem
449 2820 615 2894 tenuisset,
639 2820 783 2882 militiam
816 2819 970 2881 mutabat.
1017 2819 1062 2880 lle
1090 2818 1154 2880 vite
1185 2839 1263 2880 cen-

130 2904 237 2966 turiali
272 2927 334 2967 non
371 2911 483 2987 poetae
517 2909 644 2968 tantum
680 2905 903 2974 meminerunt,
935 2904 989 2966 sed
1023 2903 1203 2966 lllacrobius
1229 2907 1263 2966 et

131 2988 335 3072 Spartianus²
373 3015 410 3054 ac
445 2991 577 3067 Plinius,
617 2991 672 3070 qui
710 2991 846 3052 insertas
884 2990 988 3070 inquit
1027 2989 1140 3052 castris
1177 2988 1263 3051 vites

129 3097 286 3139 summam
300 3077 315 3115 b
331 3099 432 3139 rerum
451 3076 681 3157 imperiumque
694 3071 882 3137 continere.⁸
905 3074 982 3136 Vide
995 3073 1261 3137 commentarium

129 3159 275 3224 Beroaldi
300 3162 331 3223 in
356 3160 550 3243 Apulejum.⁴
596 3162 641 3223 De
666 3161 825 3223 Hadriano
856 3160 1002 3240 Augusto
1031 3163 1177 3222 notatum
1199 3165 1263 3237 est,

130 3246 229 3327 quod⁶
253 3247 280 3309 is
302 3247 380 3309 nulli
405 3249 501 3310 vitem
525 3247 681 3309 concessit
707 3247 766 3307 nisi
790 3246 922 3308 robusto
943 3250 975 3307 et
992 3244 1136 3326 egregiae
1156 3244 1264 3307 famae

130 3332 206 3394 viro.
253 3332 314 3395 Sed
347 3337 379 3394 et
408 3332 468 3395 sub
493 3333 588 3394 vitem
624 3330 768 3412 proeliari
803 3331 992 3393 dicebantur
1024 3329 1152 3404 milites,
1186 3351 1262 3391 cum

129 3418 311 3481 astantibus
334 3418 575 3481 centurionibus
599 3417 693 3479 sudes
716 3416 827 3496 ejicere
850 3420 1045 3496 cogerentur.
1094 3414 1264 3477 Praeterea

130 3526 168 3565 ex
193 3502 259 3582 lege
284 3504 381 3566 veteri
404 3508 578 3566 arrnotatur
601 3523 703 3582 poena
727 3523 780 3582 per
804 3501 892 3562 vites.
939 3500 1017 3562 Nam
1043 3499 1151 3582 Scipio
1174 3498 1262 3561 Afri·

130 3610 227 3650 canus
251 3589 335 3651 cives
351 3588 513 3651 Romanos
529 3586 659 3661 vitibus,
677 3586 756 3648 alios
772 3591 877 3648 autern
898 3586 995 3666 virgis
1013 3585 1100 3648 caedi
1114 3583 1262 3665 jubebat.

131 3673 284 3748 Quocirca
308 3673 440 3745 Plinius
465 3695 527 3753 quo
544 3673 613 3736 loco
630 3673 668 3735 de
684 3671 850 3734 arboribus
867 3671 1005 3743 disserit,
1024 3669 1135 3747 ,vitis“
1156 3669 1265 3750 inquit

133 3763 183 3837 „et
199 3759 232 3820 in
249 3759 372 3822 delictis
390 3759 486 3821 etiarn
503 3780 637 3840 poenam
654 3757 819 3820 honorat.“
866 3756 913 3819 De
935 3755 1099 3837 suppliciis
1122 3755 1264 3819 militum

132 3844 164 3906 in
189 3843 267 3906 locis
298 3845 525 3911 diversissimis
560 3842 662 3905 multa
696 3842 943 3904 observavimus.
989 3840 1111 3916 Quaere
1143 3846 1180 3903 tu
1215 3838 1265 3903 De

131 3934 208 3991 nota
231 3930 374 3993 censoria
394 3928 614 4010 jurisconsulti
649 3927 744 3990 titulo
771 3926 834 4006 ,De
857 3949 890 3989 re
913 3926 1051 3999 militari,
1076 3925 1264 3989 Desertores
1320 3944 1325 3951 ·

133 4014 297 4088 militiae“,
320 4015 424 4095 capite
450 4013 640 4094 ,Puniunt.“
688 4012 833 4074 Ceterum
860 4033 921 4074 non
945 4033 1056 4073 omues
1085 4010 1265 4075 desertores

202 4199 216 4226 ι
229 4198 301 4250 pura.
372 4187 386 4223 b
400 4197 573 4235 summarum.

197 4254 204 4283 ¹
224 4252 271 4303 llic
289 4252 367 4302 liasta
386 4266 451 4316 pura
470 4251 495 4301 (l.
514 4249 530 4301 i.
550 4249 617 4299 ohne
636 4246 799 4313 Eiserispitze
819 4247 908 4297 u'urcle
927 4246 994 4297 nach
1013 4242 1122 4296 Servius
1136 4260 1169 4295 zu
1182 4243 1263 4310 Vorg.

127 4323 190 4372 Aen.
211 4320 257 4383 vl,
277 4321 327 4372 760
345 4319 430 4369 denen
450 4317 489 4370 als
507 4315 705 4369 Elueuzeiclien
726 4314 868 4376 verliehen,
884 4314 926 4365 ‹lie
946 4314 981 4364 im
999 4313 1112 4379 Kanrple
1128 4312 1187 4365 sich
1199 4328 1264 4367 aus-

125 4387 279 4455 gezeichnet
306 4388 404 4438 hatten.
477 4384 597 4437 ²Aelius
621 4383 783 4449 &amissus
808 4383 880 4434 einer
898 4383 944 4433 der
962 4381 1106 4447 Scriptrues
1135 4381 1264 4435 historiae

126 4459 185 4523 Aug
212 4456 258 4509 Ed.
278 4471 315 4522 pr.
335 4452 438 4506 Mediol.
461 4455 534 4506 1475.
605 4452 695 4503 'Hist
716 4454 768 4504 unt.
787 4450 861 4513 XIV,
883 4454 905 4509 l,
924 4451 947 4502 3.
1019 4448 1114 4506 ⁴,l'lril.
1138 4448 1264 4503 Beroaldi

125 4523 311 4577 Cornmenturii
325 4522 351 4574 iu
367 4523 431 4575 asin.
445 4538 499 4575 aur.
513 4525 561 4588 Ap.
575 4520 639 4573 Bon.
658 4520 731 4573 1500.
803 4522 814 4551 ⁵
831 4520 910 4571 Diese
922 4516 1105 4571 uuklassiselie
1119 4516 1264 4589 Wendung

127 4592 140 4602 ⁸
160 4592 205 4645 let
222 4592 280 4645 sich
299 4608 349 4644 nur
366 4591 428 4645 sehr
445 4588 597 4656 vereinzelt,
615 4588 685 4642 auch
703 4587 731 4640 in
748 4587 793 4640 Br.
814 4587 873 4640 127.
