2774 4966
146 610 209 677 282
562 612 647 671 eriere
663 614 710 667 des
728 613 752 671 J.
772 613 849 671 1513:
887 620 893 631 '

150 781 268 864 placita
291 781 499 865 interpretari.
532 781 667 865 ¹Sequar
693 805 751 867 ege
782 784 977 849 voluntatem
1001 784 1033 847 in
1057 783 1107 849 his
1135 784 1274 867 signatis

150 867 406 951 comprehensam
445 866 572 933 tabulis.
630 870 803 936 Admittam
840 869 887 934 rel
909 870 1009 951 gratis
1046 879 1101 935 tuo
1137 871 1274 936 arbitrio

150 954 372 1019 instructorem
398 954 554 1033 idoneum
574 962 608 1019 ut
623 956 779 1038 promissa
795 956 922 1020 tandem
939 956 1095 1021 sacrificis
1109 954 1275 1021 Matianae

149 1040 288 1105 familiae
326 1042 491 1122 proficiant
524 1041 564 1105 ad
601 1042 782 1105 memoriam
821 1042 1053 1123 sempiternam.
1109 1042 1277 1107 Putabant.

149 1126 244 1191 hasce
267 1127 373 1191 literas
389 1148 452 1189 non
469 1131 603 1191 exstare.
648 1126 865 1191 Bosbacchus'
891 1128 1046 1193 instinctu
1068 1128 1152 1193 Lotii
1169 1150 1218 1195 mo
1235 1128 1276 1193 de

153 1213 352 1295 possessione
385 1213 517 1294 dejicere
555 1214 740 1278 conabatur.
792 1213 1028 1279 Pollioebantur
1061 1214 1186 1279 sodales
1218 1215 1278 1279 isti

153 1298 243 1363 fratri
266 1303 390 1362 tantum
415 1299 597 1379 coquinario
621 1298 749 1364 inferias
770 1301 1013 1377 anniversarias,
1042 1322 1121 1381 quas
1144 1304 1177 1363 et
1198 1322 1277 1365 can-

149 1384 273 1449 cellario
297 1390 328 1447 et
352 1383 427 1447 mihi
451 1384 567 1448 debent
599 1383 696 1447 velint
727 1383 856 1448 nolint²
902 1386 1012 1466 ltaque
1042 1408 1203 1468 nunquam
1232 1386 1278 1450 al)

149 1469 208 1534 hoe
245 1470 362 1552 scripto
399 1471 544 1534 recedere
582 1470 677 1544 volni,
715 1493 753 1533 ne
788 1471 874 1534 velut
911 1473 1027 1553 impius
1059 1477 1089 1534 nt
1124 1472 1275 1537 conventi

150 1557 368 1638 pectionisque
392 1556 532 1620 desertor
555 1579 724 1638 peccarem.
774 1557 944 1620 Aedificare
976 1563 1081 1621 autern
1114 1579 1176 1621 non
1207 1566 1273 1621 tarn

149 1643 236 1706 nolui
269 1664 361 1722 quam
399 1663 461 1705 non
496 1643 585 1723 potui
618 1642 742 1706 defectu
777 1643 937 1724 pecuniae.
996 1644 1096 1709 Intret
1131 1649 1162 1707 te
1195 1644 1276 1708 duce

152 1752 251 1792 novus
274 1729 397 1809 hospes.
443 1726 487 1791 Te
510 1735 685 1793 curatorem
709 1750 779 1792 creo
800 1728 977 1793 reficiendis
994 1729 1072 1793 loeis
1089 1738 1121 1791 et
1137 1730 1276 1795 ruinosis

149 1821 181 1878 et
204 1814 402 1888 nutantibus,
426 1814 480 1877 sed
501 1815 579 1877 eitra
595 1821 684 1878 tuum
703 1816 947 1885 incommodum.
986 1815 1032 1878 De
1046 1814 1273 1894 Engelmanni⁸

149 1901 301 1984 sapientis
334 1901 392 1963 viri
427 1900 558 1965 consilio
586 1909 617 1964 et
646 1901 683 1963 de
716 1899 859 1983 Georgii⁴
897 1901 1060 1967 vuluntate
1094 1901 1191 1967 facito
1225 1924 1277 1967 me

150 1987 392 2068 diligentissime
415 1987 588 2050 certiorem.
635 1986 718 2050 Vale.

302 2087 363 2142 uro.
382 2086 446 2143 Frcf.
466 2087 523 2141 265.

148 2294 262 2363 (oona.)
675 2277 748 2341 227.
1088 2292 1170 2359 (unz
1191 2294 1278 2362 1513.)

522 2405 663 2485 Mutien
687 2426 733 2476 an
759 2403 895 2475 l'rbsn.

149 2533 211 2599 (ou
245 2534 338 2587 l'r'lrnre
364 2535 527 2602 rersprrrlren
554 2534 599 2587 ein
627 2533 778 2596 Testunrenl,
807 2532 913 2599 darauf
934 2532 1019 2585 rrictts
1043 2549 1079 2585 au
1101 2532 1188 2599 peren.
1225 2531 1282 2585 ner

150 2602 251 2657 dlietcr.
268 2604 314 2656 der
331 2604 388 2655 rr'rlr
406 2603 515 2657 artelea.
535 2621 569 2655 arr
587 2604 671 2656 barren
691 2603 746 2655 snut
762 2603 827 2655 edric
850 2601 928 2655 eriere
954 2619 985 2654 :rr
1011 2601 1124 2663 rrelmcn,
1145 2601 1196 2653 soll
1219 2602 1277 2654 etn-

149 2672 236 2725 rr'elnr.
272 2672 309 2725 ll.
330 2673 390 2729 mill,
408 2673 442 2726 du
465 2672 631 2741 Errpelnrurnr
650 2671 705 2737 aas
719 2671 803 2722 &alen
821 2671 868 2722 der
890 2670 987 2723 Vitare
1009 2669 1081 2733 slcld,
1104 2675 1280 2736 etrcusuam

150 2740 226 2795 Burro
243 2742 382 2811 beitrrrpen.
418 2742 467 2794 Ilia
484 2741 631 2795 tressisrlren-
656 2740 824 2793 l'rrrcandlen
842 2740 952 2793 heroden
969 2738 1048 2792 selon
1066 2755 1152 2807 pomp
1173 2740 1280 2809 Arpos}

485 2856 583 2906 Henr.
601 2855 729 2906 Urbano
749 2850 803 2920 (Μ.
820 2849 943 2920 Rufus).

254 2966 285 3030 S.
330 2966 411 3029 Acta
449 2988 530 3047 quae
566 2971 651 3041 sunt,
690 2964 802 3029 habeo,
848 2963 896 3026 rln
935 2963 1056 3027 vicarii⁵
1096 2963 1278 3029 exorabunt

152 3052 288 3116 Aeacum
322 3075 391 3116 cunr
424 3053 553 3116 internis
583 3052 753 3133 judicibus,
777 3072 849 3113 cum
873 3056 905 3114 et
927 3072 1037 3131 graece
1068 3050 1211 3113 nescient
1245 3060 1281 3114 et

154 3145 294 3203 oratores
325 3161 387 3202 non
420 3140 509 3202 sint?
554 3138 635 3215 Quid
668 3138 765 3219 igitur
799 3137 990 3218 promittunt
1024 3138 1279 3199 testamentum?

152 3225 294 3308 Negligit
315 3225 348 3288 id
369 3224 500 3288 Ennius.
549 3225 696 3306 „Neme“‚
722 3224 837 3304 inquit,
864 3245 931 3303 „me
946 3222 1085 3285 lacrimis
1101 3220 1277 3289 decoret.“‘

151 3311 230 3376 duro
255 3332 307 3393 per
329 3311 465 3393 supremi
489 3312 572 3392 regis
594 3332 724 3392 regnum
749 3316 782 3372 et
797 3313 935 3372 'matrem
959 3306 1095 3370 familias
1116 3306 1278 3373 lunonem

154 3420 203 3462 me
224 3419 341 3480 gerrae,
364 3398 456 3478 lyras,
480 3418 583 3478 nugas
605 3401 637 3460 et
659 3394 864 3477 ampullarius
887 3394 1125 3457 mussitationes
1160 3415 1281 3477 susque

153 3484 254 3566 deque
288 3483 397 3548 lacere.
443 3484 505 3546 Sed
534 3483 726 3566 promittunt
755 3486 994 3544 testamentum.
1040 3478 1110 3543 Nun
1144 3502 1280 3545 eruerem

154 3570 232 3634 illud
255 3570 383 3633 verbum
408 3567 591 3634 titilinitio.'
635 3568 751 3631 Parum
775 3568 858 3629 enim
882 3567 948 3649 spei
972 3586 1055 3647 pono
1079 3565 1110 3628 in
1131 3566 1281 3647 precibus
1345 3624 1349 3631 .

154 3656 333 3732 stultorum,
349 3656 408 3719 nisi
427 3656 511 3719 adsit
528 3657 637 3726 virtus,
655 3654 756 3717 virtus
772 3654 902 3734 inquam
918 3652 1092 3735 praemium
1108 3652 1280 3735 optimum3

153 3742 294 3816 libertas,
325 3742 421 3816 salus,
453 3741 529 3815 vita,
560 3764 608 3805 res
632 3741 769 3821 denique
798 3744 867 3803 tota
899 3740 1016 3802 virtute
1047 3744 1182 3815 constat,
1213 3760 1278 3802 non

155 3828 319 3912 suppliciis
341 3828 557 3891 muliebribus.
604 3826 714 3907 ltaque
748 3825 855 3887 vicarii
888 3846 951 3887 non
982 3823 1147 3887 habebunt
1173 3847 1279 3888 escam

155 3939 194 3978 ex
217 3917 280 3979 istu
304 3937 406 3978 nassa.
451 3914 508 3977 Dic
536 3912 624 3983 milri,
654 3935 729 3975 nunr
759 3911 933 3993 inquilinus
957 3911 1099 3974 exiverit.
1145 3909 1206 3973 Ubi
1230 3918 1281 3974 est

154 4001 207 4065 ille
240 4001 431 4076 aedificator,
467 4001 521 4081 qui
557 3999 683 4062 volebat
721 3998 888 4060 aedificare
922 4003 954 4059 et
985 3997 1085 4077 gratis
1118 3996 1280 4061 incolere?

155 4087 235 4149 Eum
273 4088 374 4169 ipsum
413 4086 512 4150 volo.⁸
562 4085 706 4149 Nummis
743 4105 848 4146 carere
885 4104 1021 4164 possum.
1072 4081 1280 4147 Lotianorum

156 4173 350 4256 triumphum
373 4194 475 4254 neque
500 4172 569 4236 vole
594 4192 695 4253 neque
719 4190 846 4251 possum
870 4169 946 4252 pati.
992 4167 1105 4231 Vincet
1126 4166 1281 4234 honestas
1362 4198 1367 4209 ·

224 4326 232 4356 ¹
251 4327 275 4376 S.
295 4326 344 4377 21?
363 4327 397 4377 A.
413 4326 437 4376 8.
491 4324 642 4375 llliernmlr
661 4324 760 4374 haltere
778 4336 810 4373 nn
829 4321 887 4372 dnm
908 4320 997 4373 Hense
1019 4319 1061 4371 die
1079 4319 1280 4389 Verptliohtung

237 4393 368 4447 elmessen
388 4396 429 4445 fin·
448 4393 490 4445 dic
510 4393 600 4445 beiden
625 4390 817 4443 llutianisehen
843 4389 950 4445 rer-ouer.
974 4388 1041 4442 doch
1060 4390 1168 4445 wurdou
1185 4388 1225 4443 sie
1242 4389 1280 4442 im

245 4462 298 4514 nto
319 4464 383 4516 1515»
403 4478 451 4512 mn·
471 4463 529 4513 deni
549 4477 591 4513 arn
610 4460 705 4513 ilarius.
725 4458 790 4512 llole
810 4458 994 4511 vermer-tenen
1007 4456 1111 4511 dolraurr
1127 4456 1188 4511 llus
1203 4474 1279 4511 zuer-

261 4530 285 4584 S.
308 4532 451 4584 211.r.:·r‚
497 4533 549 4581 ³8.
568 4531 618 4583 20ίί
637 4531 667 4580 A.
687 4530 710 4581 2.
760 4528 912 4580 ‘Osrnund
931 4526 957 4581 S.
976 4527 1026 4580 279
1043 4530 1074 4580 A.
1093 4526 1116 4578 2.
1164 4526 1279 4581 ὅ8277

281 4602 362 4655 “Cin
381 4598 485 4654 Tuscul.
503 4599 524 4667 Ι,
546 4602 585 4663 lo,
603 4602 644 4653 34.
699 4597 708 4628 ³
726 4594 939 4665 Spriclrwdrtlielr
960 4612 1011 4648 ron
1029 4592 1101 4649 einer
1117 4610 1184 4667 gena
1202 4599 1281 4649 wert-

243 4666 336 4724 Saehe.
407 4670 518 4736 “Geerg
536 4666 654 4721 Osurund
670 4664 811 4721 Hallensis.
831 4666 857 4721 S.
875 4664 926 4720 279
944 4666 976 4721 Α.
994 4664 1018 4719 2.
