2774 4966
389 647 496 711 Mutian
515 672 549 710 an
570 646 700 724 Petreius.
736 655 842 709 Mutian
861 671 895 709 an
912 653 998 725 Lang.
1194 656 1258 723 609

349 829 475 889 Petreio
492 828 693 890 integerrimo
710 829 744 878 et
761 826 939 878 doctissimo
957 825 1036 878 suo.¹

232 941 265 1006 S.
311 941 357 1005 De
380 940 474 1004 Petro
497 939 557 1004 ieci
579 936 784 1003 Phaedrum.²
828 939 915 1003 Haec
938 937 1046 1002 Attica
1068 937 1160 1004 Musa
1175 938 1257 1004 belle

127 1029 310 1109 graecissat.
368 1026 467 1090 Docet
500 1025 660 1107 plurimos
717 1024 832 1088 Vellem
870 1023 966 1088 isthic
1002 1029 1120 1106 ageret.
1175 1024 1256 1088 Nam

127 1112 216 1195 Lipsi
240 1108 373 1176 Crocus⁸
396 1132 507 1192 graece
542 1111 708 1192 profitetur
743 1109 924 1173 Britannus.
972 1109 1031 1173 Hic
1064 1109 1258 1175 Mosellanus

127 1204 177 1261 est
198 1197 303 1260 adhuc
325 1197 494 1260 admodum
518 1196 712 1270 adolescens,
735 1194 840 1273 homo,
861 1200 898 1259 ut
914 1194 1028 1258 faciam
1053 1197 1257 1259 summarium

126 1284 349 1359 indicaturam,
380 1282 460 1362 pina,
492 1280 674 1355 disertulus,
705 1279 825 1343 latinus
854 1284 951 1362 atque
981 1280 1028 1343 ita
1055 1301 1197 1362 graecus,
1221 1287 1259 1345 ut

127 1367 276 1432 admirari
313 1368 425 1447 possis.
471 1367 564 1445 Legit
597 1373 680 1446 apte,
715 1368 825 1428 cantat
857 1365 1039 1442 Homerum,
1074 1365 1256 1442 Hesiodum,

129 1453 341 1516 Theocritum.
400 1451 506 1515 Etiam
543 1452 571 1515 si
608 1449 751 1514 Rhomae
788 1455 881 1527 esset,
919 1449 1044 1513 laudem
1090 1451 1256 1515 inveniret.

130 1537 240 1602 Scribe
263 1537 377 1601 amabo
408 1537 448 1599 ad
477 1534 654 1599 Phaedrum
686 1541 719 1598 et
746 1535 849 1598 invita
878 1536 938 1599 sub
967 1535 1028 1598 hac
1056 1535 1137 1617 lege,
1160 1541 1207 1614 ut,
1230 1538 1258 1601 si

128 1623 233 1686 locum
255 1626 378 1685 mutare
402 1621 488 1697 velit,
511 1620 553 1684 ud
574 1619 780 1684 vosdevolet.
820 1621 936 1684 Amisit
952 1619 1130 1684 Bodmum.⁴
1167 1621 1259 1685 Prin·

129 1729 202 1790 ceps
225 1708 363 1771 delector
386 1707 528 1770 tenacior
551 1710 601 1769 est
623 1725 718 1786 quam
747 1704 817 1767 fuit.
863 1704 970 1786 Negat
998 1706 1159 1786 stipendia
1192 1729 1256 1771 nou

128 1794 237 1874 paucis
260 1813 317 1856 suo
342 1791 511 1856 consulens
533 1791 620 1867 fisco,
645 1791 704 1853 etsi
735 1791 878 1853 omnium
904 1790 1072 1853 Maecenas
1102 1791 1164 1855 dici
1188 1791 1258 1873 jure

128 1878 252 1941 debeat.
298 1877 383 1940 Haec
416 1877 530 1958 raptim
558 1898 577 1939 a
607 1897 686 1938 cena
718 1873 821 1937 Eidib.
856 1875 963 1940 Juniis
997 1896 1082 1939 anno
1115 1875 1257 1939 MDXVI.

130 1964 228 2026 Adest
250 1961 436 2024 tabellarius
459 1961 579 2042 Lipsim
602 1961 716 2036 iturus,
746 1980 839 2042 quem
865 1960 941 2023 mihi
963 1961 1077 2024 Justus
1107 1961 1257 2038 Meuius,⁵

130 2047 240 2110 matris
262 2052 337 2109 tuae
359 2044 511 2120 servulus,
535 2066 605 2107 vere
639 2045 742 2108 bonus
775 2045 959 2109 adolescens
993 2050 1025 2108 et
1055 2046 1176 2123 docilis,
1199 2047 1258 2111 ob·

130 2131 215 2195 tulit.
260 2131 354 2194 Hunc
388 2131 526 2193 Manium
560 2130 620 2192 tibi
655 2129 835 2210 plurimum,
869 2131 912 2193 mi
946 2130 1106 2194 carissime
1141 2131 1257 2209 Petrei,

129 2215 324 2292 commendo,
370 2221 441 2296 post
478 2211 664 2296 Sigilliiero⁶
702 2220 734 2278 et
771 2214 959 2279 Osimondo²
998 2220 1030 2279 et
1066 2213 1256 2281 Rhainensi⁸

129 2301 265 2364 fideliter
288 2301 576 2364 commendaturus
622 2300 715 2363 Nunc
736 2300 820 2362 enim
837 2321 968 2383 propero
985 2300 1096 2365 etalio
1113 2303 1256 2368 meditor.

131 2386 213 2450 Vale.
261 2385 363 2449 Salve.

871 2468 958 2534 Tuus
980 2468 1153 2535 Matienus.

283 2569 347 2623 Coll.
367 2568 472 2623 Cernen.
491 2566 744 2634 11066611Πῴὲὶ
763 2569 923 2637 Autograph.

128 2774 244 2843 (Gotho.)
656 2755 729 2820 543.
1043 2772 1152 2840 (Herbst
1170 2773 1259 2842 1516.)

508 2881 653 2951 Mutina
675 2901 723 2952 an
745 2880 879 2967 Lange

128 3008 210 3075 (Billa
226 3025 273 3061 une
292 3008 334 3060 die
352 3008 458 3061 netelicli
473 3009 605 3076 yetuliene
622 3008 697 3061 Reda
733 3007 852 3075 Anfruqe
864 3008 927 3060 sitm
938 3007 995 3061 eine
1007 3024 1138 3078 armnyme
1157 3009 1258 3077 &triti

470 3077 528 3130 und
544 3076 708 3130 literariselre
725 3074 915 3143 neamenim.)

196 3191 303 3251 Lange
321 3204 389 3240 meo
408 3192 509 3242 sancti
527 3190 646 3241 ordinis
663 3191 833 3251 Augustini
851 3190 1027 3252 theologine
1052 3190 1189 3242 melioris

624 3273 760 3336 peritam

232 3383 266 3447 S.
296 3406 325 3466 p.
356 3385 386 3447 d.
432 3383 597 3466 Tanquam
634 3385 688 3449 diu
723 3385 800 3449 mihi
834 3389 930 3449 notus
962 3406 1118 3467 carusque
1151 3384 1257 3461 fueris,

129 3470 278 3551 polliceor
311 3469 371 3532 tibi
406 3491 506 3532 meam
539 3491 667 3552 operam
702 3471 734 3533 in
769 3473 857 3535 omni
893 3492 1008 3551 genere
1044 3470 1152 3534 oflicii.
1209 3469 1259 3533 Ita

128 3561 266 3618 meretur
288 3559 345 3617 tua
368 3554 502 3617 comitas
526 3559 558 3617 et
580 3557 702 3637 optime
724 3557 805 3618 ratio
828 3557 1016 3633 studiorum,
1047 3576 1143 3637 quam
1172 3554 1257 3619 dale·

128 3641 204 3721 gisti
228 3645 261 3702 et
284 3640 452 3703 assentarie
475 3643 507 3702 et
530 3647 681 3720 praestas.
728 3640 904 3705 Dictionem
936 3640 1022 3703 illam
1051 3639 1257 3722 tripertitam,

128 3746 223 3805 quam
256 3730 290 3787 tu
323 3725 555 3788 nudiustertius
577 3726 610 3788 in
634 3728 727 3789 coetu
760 3731 885 3807 patrum
911 3725 949 3789 de
972 3725 1101 3789 sublimi
1135 3725 1257 3806 pulpito

131 3809 283 3886 habuisti,
307 3831 370 3872 non
395 3810 455 3873 tibi
478 3809 619 3874 sufficiat
642 3831 737 3874 unam
761 3815 887 3874 tantum
912 3810 1020 3874 horam
1043 3810 1173 3888 vixisse,
1202 3810 1258 3874 sed

199 4016 339 4078 'dusscre
358 4027 478 4078 Adressa.
551 4025 745 4081 ’Mosellanua
775 4025 835 4095 Vgl.
854 4025 880 4079 S.
899 4024 950 4079 606
969 4026 1000 4080 Α.
1019 4024 1044 4078 2.
1114 4023 1257 4079 'Richard

127 4094 234 4158 Creone,
256 4096 390 4146 1616-11
410 4094 509 4146 Lohror
526 4094 573 4147 der
590 4095 688 4162 gdech.
707 4094 822 4162 Spracho
840 4094 867 4146 in
885 4092 1000 4162 Leipzig.
1018 4093 1067 4145 mu
1085 4091 1186 4146 Mutian
1199 4110 1257 4161 pcr-

126 4162 227 4214 sdnlich
248 4163 370 4221 bekannt,
390 4163 423 4213 du
441 4162 526 4214 dieser
544 4170 620 4215 unter
638 4164 697 4215 dem
718 4164 756 4216 13.
776 4163 845 4230 Sept.
865 4163 954 4230 (1516)
973 4179 1007 4214 an
1024 4160 1154 4214 llcuchliu
1166 4163 1256 4215 seiuon

127 4230 233 4282 Bcsuch
254 4230 352 4282 incidet
365 4229 419 4296 (lli.
433 4231 501 4285 6231.
539 4231 596 4297 l'gl.
616 4232 681 4283 iiber
699 4232 744 4283 ilrn
763 4230 922 4298 Bdekiug.
941 4230 1006 4297 Opp.
1026 4229 1100 4282 Hutt.
1119 4229 1208 4297 Suppl.
1223 4231 1256 4297 ll,

125 4300 177 4349 352
195 4316 232 4365 sq.
263 4299 440 4364 ilorou'itn
459 4299 526 4365 nug.
546 4298 576 4350 D.
596 4299 681 4367 Biogr·¹
701 4300 811 4367 lucos
829 4301 845 4351 f.
895 4298 980 4366 ⁴ng
1000 4297 1042 4351 Br.
1062 4299 1120 4351 539.
1168 4298 1255 4366 ⁵ng

125 4369 150 4420 s.
169 4367 222 4419 480
241 4371 273 4419 A.
294 4371 316 4419 l.
387 4366 586 4433 *Siimmen'ng
614 4368 640 4420 S.
659 4368 688 4419 21
711 4373 741 4419 A.
763 4372 785 4422 I.
848 4365 1255 4434 ’Georgilsmundllallcnsia

126 4436 152 4489 S.
173 4436 223 4486 219
243 4438 273 4487 Α,
293 4438 316 4487 2.
372 4434 665 4502 ⁸Ludwigronrllain.
693 4435 880 4488 61311114.
934 4433 1112 4488 ⁹Naehdem
1130 4433 1257 4488 Sclrlusse

126 4504 190 4554 kurz
210 4520 257 4555 vor·
274 4505 334 4556 dom
354 4503 506 4570 li'cggungc
524 4503 611 4571 Langs
631 4510 692 4568 (von
702 4504 788 4556 ciuem
798 4504 919 4557 Besuoha
929 4502 1058 4570 (lethaei)
1077 4503 1256 4570 geschricben.

127 4571 180 4623 Iler
199 4571 317 4639 llingnng
335 4573 381 4622 dns
400 4571 442 4623 ln.
462 4571 540 4638 zcigt,
564 4573 625 4623 dass
644 4573 685 4624 dic
703 4572 911 4639 Bclrnuutsclialt
927 4571 979 4623 mit
995 4570 1075 4635 Inna,
1088 4571 1169 4621 noun
1182 4571 1273 4618 *sexus

125 4641 258 4692 celrrano
280 4656 341 4692 wan
381 4639 436 4706 l'gl.
455 4639 481 4691 S.
501 4640 552 4692 539
570 4644 601 4693 A.
619 4643 644 4693 a.
717 4643 738 4674 ¹⁰
758 4645 878 4707 suasero
897 4640 1026 4692 narasse.

151 4728 283 4768 cernentis
296 4728 323 4766 n.
338 4729 362 4767 r.
377 4727 456 4775 auspi.
470 4729 513 4768 rx.
1033 4704 1085 4765 ‘5³3
