2774 4966
561 14 568 27 r

561 36 564 57 ’
616 14 636 91 ll

613 114 622 135 θ

126 666 188 742 132
515 674 603 728 Briefe
621 688 672 727 rou
692 662 869 737 rsus-1509.

127 846 293 927 majorum.
330 845 377 909 Tu
395 846 525 928 penitus
542 847 714 927 introspice
730 849 827 927 caput.
842 845 1021 911 Gallianum
1039 852 1071 911 et
1085 845 1262 929 pervideas,

150 931 202 995 uid
227 933 286 995 sit:
312 930 436 999 diffindi
462 930 570 1002 diem',
596 932 679 1012 quod
696 979 710 1006 2
732 952 794 994 non
820 931 931 1011 liquet,
955 937 1105 996 electore
1128 930 1262 1014 proluu-

126 954 275 1080 lissimae
299 1017 480 1093 doctrinae3
504 1016 583 1079 adde
609 1038 675 1097 cap.
701 1015 832 1078 xxxxi
856 1018 887 1081 in
912 1017 1154 1083 llliscellaneisb
1178 1016 1262 1081 Poli-

126 1099 230 1165 tiani².
276 1101 361 1164 Haec
393 1106 491 1181 atque
521 1101 599 1164 talia
628 1102 790 1183 pertinent
820 1103 860 1165 ad
884 1102 1075 1166 tirocinium.
1121 1101 1166 1165 Te
1190 1122 1262 1165 vero

130 1186 301 1268 plurimum
326 1207 392 1259 oro,
417 1195 453 1249 ut
476 1186 628 1249 ostendas
650 1191 683 1248 te
706 1187 737 1249 in
762 1187 827 1248 tuis
850 1187 889 1248 ad
912 1208 963 1250 me
986 1188 1086 1250 literis
1105 1187 1262 1268 juriscon-

129 1272 258 1344 sultum,
282 1278 319 1334 ut
341 1293 392 1335 me
407 1271 448 1333 acl
467 1271 583 1334 similia
605 1270 791 1334 subinvites.
840 1271 875 1333 ln
893 1271 1002 1336 schola
1024 1278 1081 1335 tua
1104 1273 1194 1352 legas
1208 1292 1262 1336 ox·

129 1361 281 1437 tempore.
326 1355 487 1421 Meliorem
513 1355 575 1419 diei
600 1361 720 1439 partem
736 1361 769 1418 et
784 1377 916 1418 acumen
934 1362 1024 1420 tuum
1042 1357 1166 1421 dicabis
1182 1362 1262 1421 trac·

130 1441 246 1505 tationi
269 1440 365 1520 legali
389 1447 421 1505 et
446 1440 541 1521 imple
564 1463 621 1503 sex
645 1441 863 1522 promptuaria
885 1441 1055 1522 praeclaris
1076 1442 1262 1506 annotatio·

131 1526 235 1590 nibus.
283 1525 527 1591 Vocabularium
553 1523 801 1608 Appulejanum³
830 1548 951 1589 mecum
977 1548 1096 1608 quaeso
1119 1548 1262 1591 commu·

131 1613 212 1675 nica.
258 1610 391 1689 Quaero,
420 1632 462 1673 arr
487 1609 606 1673 habeas
634 1612 879 1673 commentarios
909 1610 1047 1691 Vergilii.
1093 1610 1129 1675 Si
1153 1611 1262 1690 habes,

130 1697 180 1759 dic
203 1695 280 1777 quid
303 1694 429 1775 legatur
451 1716 487 1758 eo
511 1695 597 1758 loco:
633 1692 826 1777 „Sanguinis
849 1700 881 1758 et
904 1698 984 1759 sacri
1007 1695 1154 1779 pateras“
1181 1695 1262 1761 libro

128 1781 171 1844 lll
185 1779 352 1843 Aeneidos.
376 1779 443 1862 Ego
460 1781 604 1861 intelligo
620 1781 739 1853 vinnm,
756 1780 839 1860 quod
857 1780 972 1844 dicitur
987 1783 1118 1863 sanguis
1134 1780 1262 1845 terrae.⁴

127 1866 199 1930 Non
216 1858 334 1928 ridebis
357 1866 471 1931 malam
489 1866 689 1946 scripturam.
727 1865 919 1947 Simpliciter
934 1867 1048 1929 scribo.
1083 1865 1171 1931 Tuus
1186 1866 1262 1931 olim

131 1956 264 2033 patruus
286 1949 444 2015 Martinus
468 1951 591 2014 notavit
610 1950 792 2032 „homines“
812 1952 842 2013 in
861 1951 994 2032 epistola
1012 1974 1090 2028 mea,
1107 1959 1262 2035 tanquam

135 2034 294 2118 „omines“
310 2035 406 2101 scribi
423 2036 534 2117 possit,
551 2034 732 2116 „lromines“
752 2057 815 2098 non
833 2036 943 2116 possit.
967 2036 1015 2099 lta
1032 2043 1169 2100 nasutas
1184 2042 1262 2103 erat.

132 2122 321 2202 Quanquam
345 2142 418 2183 vera
444 2121 601 2202 scriptura
625 2142 742 2201 paucas
766 2119 883 2183 babeat
898 2121 1167 2186 abbreviationes.
1192 2122 1262 2186 Non

130 2227 320 2288 quaeramus
355 2205 472 2268 nodum
503 2207 534 2267 in
566 2205 693 2287 scirpo⁵.
740 2204 926 2268 Tractemus
957 2207 1038 2269 seria
1062 2212 1094 2270 et
1117 2207 1209 2280 utilia
1233 2212 1262 2271 el

130 2293 212 2355 scitu
229 2291 335 2408 digna.
381 2290 451 2353 Non
471 2296 502 2352 te
518 2296 645 2354 moveat
661 2290 898 2353 tabellariorum
923 2292 1045 2355 raritas
1094 2290 1173 2373 „Cui
1198 2293 1262 2370 des,

132 2375 257 2441 videlo“
278 2425 284 2437 .
329 2373 413 2438 Malo
430 2375 551 2438 scribas
567 2397 637 2439 raro
653 2397 748 2456 qnam
765 2397 859 2456 saepe
881 2397 952 2438 cum
969 2376 1118 2458 periculo.
1153 2376 1262 2461 Neque

129 2462 211 2525 onim
240 2482 350 2524 omnes
380 2465 456 2523 sunt
485 2460 611 2539 fideles,
643 2463 698 2542 qui
731 2461 952 2542 imposuerunt
981 2462 1112 2524 fibulam
1142 2463 1262 2544 priapo¹

129 2545 236 2611 calvae
260 2545 428 2610 cucullum.
475 2545 559 2609 Vale.

282 2645 344 2698 Cod.
363 2643 430 2697 Frui.
448 2643 508 2698 368.
550 2687 555 2699 .

129 2797 245 2869 (notha)
659 2782 729 2844 110.
1015 2797 1055 2852 25.
1074 2796 1147 2850 Mera
1164 2798 1262 2868 (1500).

481 2907 626 2976 Mutiau
649 2926 698 2974 an
720 2905 907 2977 Heubord.

132 3033 273 3101 (Spatntin
296 3034 408 3086 schreibt
427 3035 566 3103 platelliclr.
601 3034 684 3086 chat
709 3034 840 3087 rwmclcn
862 3034 956 3087 Εοὺαπ
977 3034 1035 3086 und
1051 3033 1177 3102 Petreius.
1213 3035 1262 3089 Do

131 3101 296 3156 Promraror
313 3102 419 3155 Martio
438 3102 612 3223 Sclrilusbolpqpt3
627 3101 943 3238 lissll‘rmvglfflml
959 3101 1121 3170 ll'cr'nberyes
1139 3103 1182 3156 bei
1198 3102 1262 3157 Ησ-

198 3281 381 3332 Herebordo
399 3283 583 3344 Margarita,
595 3283 860 3418 (lllveltssuslrglegio'
879 3285 979 3333 amico
998 3282 1197 3347 observando

642 3390 647 3403 .
754 3364 790 3401 s.

234 3440 266 3507 S.
312 3443 379 3506 Hoc
403 3444 472 3526 ipso
496 3451 659 3508 momento
691 3446 799 3508 literas
832 3443 992 3526 Spalatini
1015 3445 1133 3526 accepi.
1180 3442 1262 3508 Beue

131 3529 238 3610 agitur
261 3550 332 3591 cum
357 3550 403 3602 eo,
427 3534 553 3592 amatur
576 3531 819 3612 aprincipibus.
866 3530 950 3592 Haec
973 3529 1110 3592 felicitas
1133 3528 1262 3593 beatum

131 3636 180 3679 me
204 3614 290 3676 facit.
336 3612 416 3677 Nam
441 3616 487 3677 ita
503 3615 614 3677 amieis
638 3616 785 3678 addictus
808 3636 888 3691 sum,
911 3620 958 3679 ut.
974 3616 1102 3696 quoties
1118 3614 1157 3676 de
1175 3615 1262 3679 vobis

129 3700 225 3763 audio
256 3699 504 3771 secundissima,
538 3700 645 3762 videar
676 3700 754 3762 mihi
789 3701 821 3762 in
850 3700 971 3763 eoelum
1004 3707 1143 3762 evectus.
1196 3698 1262 3777 Quo

130 3785 233 3866 magis
256 3784 361 3858 miror,
391 3806 446 3847 cur
469 3790 595 3847 tanturn
619 3785 680 3848 sibi
705 3787 892 3867 permittant
915 3783 1066 3846 Eobanus
1087 3789 1118 3847 et
1141 3784 1262 3849 Petrus.

131 3875 167 3933 ut
191 3891 240 3932 me
263 3890 320 3931 suo
344 3870 538 3933 internecivo
567 3869 640 3932 odio
673 3869 787 3932 malint
818 3870 1007 3932 exacerbare
1035 3890 1129 3949 quam
1155 3891 1262 3953 ampu-

133 3963 200 4017 tare
217 3955 394 4018 calumnias
410 3960 443 4016 et
459 3955 489 4017 in
509 3976 562 4017 ore
579 3960 732 4034 tanquam
750 3955 826 4034 asyli
847 3954 959 4016 nedum
978 3956 1008 4016 in
1026 3975 1133 4035 penna
1150 3954 1262 4019 babere

131 4040 274 4102 aculeum
308 4060 404 4118 quam
445 4039 529 4102 dulci
557 4039 618 4103 lvui
651 4037 844 4102 concordia⁷.
901 4039 1001 4102 Furor
1027 4047 1088 4114 est,
1123 4040 1262 4120 prolecto

200 4190 299 4311 :llll
312 4193 389 4335 Nocl.
401 4189 580 4332 lllltllllllllelll
597 4257 681 4309 »Jussi
700 4257 780 4325 igitur
799 4257 898 4334 (litlindi
914 4256 1006 4334 diem«
1022 4256 1114 4334 lurist
1125 4254 1262 4311 Ausdrucl

131 4324 187 4377 ttir:
207 4326 257 4378 deu
274 4326 378 4378 'l'errnrn
397 4325 576 4377 anlschreben.
649 4328 736 4393 tAug.
757 4324 910 4385 Polrtrarnrs,
928 4325 982 4378 ital.
996 4324 1262 4391 Humaurat,†14llt

132 4391 310 4446 Miscellanea.
329 4392 395 4448 llor.
418 4394 491 4445 1489.
564 4394 617 4446 ³lu
636 4393 721 4444 einem
740 4399 843 4459 spatum
863 4393 905 4444 Βι·Ι
926 4393 998 4460 (uod.
1018 4392 1078 4457 108)
1097 4394 1224 4447 wiiuscht
1238 4406 1262 4446 ar

131 4477 183 4514 von
193 4461 225 4514 H.
236 4462 286 4514 den
297 4462 376 4513 index
389 4461 500 4529 Apuleji.
511 4461 732 4514 wahrschoinlioh
742 4462 802 4512 eine
812 4462 934 4528 Ausgube
945 4462 994 4513 mit
1006 4461 1098 4513 Index.
1136 4460 1262 4515 ‘sonum

133 4528 196 4582 bare
216 4529 368 4598 Aualeguug
387 4546 437 4582 vou
455 4534 520 4584 Aen.
534 4530 635 4589 naon
656 4528 768 4596 Sanguis
786 4545 861 4581 sacer
878 4554 906 4572 =
928 4528 1072 4595 Oplerblut.
1126 4527 1262 4604 ⁸Adagist

132 4596 179 4648 <les
201 4596 334 4652 Erasmus.
371 4597 460 4651 scien
485 4598 533 4650 wir
558 4597 633 4650 nicht
655 4596 727 4651 allzn
748 4596 924 4663 pedentiseh.«
996 4596 1080 4649 ⁶Cat.
1107 4596 1175 4651 bien
1202 4610 1262 4651 root.

184 4668 244 4718 tana
255 4664 296 4720 23.
352 4668 361 4699 ²
381 4656 453 4719 liber
465 4666 555 4719 diesen
572 4665 734 4734 titgerlicheu
753 4664 853 4718 Vorfall
870 4664 953 4733 geben
972 4664 1038 4717 zwei
1055 4663 1145 4718 Briete
1162 4664 1262 4720 Eobu
