2774 4966
155 656 221 724 290
572 654 658 711 anea
676 655 722 711 aa
739 656 764 711 J.
785 654 858 710 rara.

157 829 291 895 tentiam
315 828 352 891 de
375 826 468 891 domo
485 832 600 890 nostra.
646 828 771 891 Laudas
793 828 953 892 Urbicum.
1001 827 1067 910 ltgo
1083 827 1168 892 hunc
1183 828 1280 892 talem

157 938 224 981 esse
249 921 335 998 puto,
360 915 484 996 qualem
509 914 680 995 praedicas,
697 914 821 977 fidelem
837 920 870 977 et
886 915 1045 989 idoneum,
1064 936 1124 978 nou
1142 920 1280 989 asotum,

157 1023 218 1067 non
243 1001 432 1073 helluonem,
461 1022 523 1062 non
548 1005 763 1071 scortatorem,
795 1023 857 1063 non
889 1002 1047 1079 garrulum
1072 1006 1103 1063 et
1126 1002 1279 1083 ineptum.

156 1088 213 1152 Est
236 1088 266 1150 in
291 1108 327 1150 eo
351 1087 476 1168 signum
501 1087 689 1155 severitatis,
719 1088 825 1150 vultus
856 1088 966 1159 tristia,
997 1108 1098 1149 sermo
1121 1088 1226 1150 lentus
1248 1098 1281 1150 et

157 1173 291 1238 sobrius.
339 1172 416 1235 Prae
439 1194 472 1234 se
495 1172 555 1234 furt
578 1172 709 1236 alterum
735 1172 891 1247 Paulum,¹
919 1172 1011 1235 modo
1029 1194 1090 1235 non
1108 1174 1151 1237 sit
1166 1196 1280 1237 saevus

155 1267 188 1324 at
212 1259 342 1322 immitis
365 1263 398 1321 et
419 1279 510 1340 asper
533 1263 564 1322 et
587 1259 794 1321 truculentus.
840 1259 929 1335 Quod
958 1259 996 1321 ad
1027 1259 1120 1322 aedes
1152 1260 1279 1329 attinet,

155 1345 238 1410 dabo
271 1343 416 1408 nonnihil
439 1351 472 1407 et
494 1344 661 1419 insumam,
685 1350 721 1406 ut
743 1350 847 1407 sartae
875 1349 978 1408 tectae
1009 1346 1082 1408 sint.
1128 1343 1278 1408 Officiali²

156 1431 333 1496 valedicito,
378 1429 457 1493 Nam
482 1431 536 1511 qui
559 1453 616 1493 sua
638 1429 777 1512 prodigit
799 1430 943 1513 maleque
966 1436 1065 1505 curat,
1097 1431 1151 1511 qui
1175 1436 1279 1512 potest

155 1518 182 1581 is
205 1516 310 1581 aliena
343 1516 502 1579 custodire
525 1522 581 1579 aut
603 1517 805 1579 renormare‘?
849 1515 963 1580 Carum
987 1518 1034 1579 ais
1056 1538 1124 1579 esse
1147 1518 1280 1580 summis

156 1604 241 1666 viris
287 1602 355 1664 Erit
378 1608 410 1665 et
434 1601 510 1665 mihi
533 1623 632 1665 carus.
678 1601 790 1665 Lotius
813 1624 928 1665 arcana
951 1602 1063 1665 didicit
1092 1602 1281 1665 Frontone⁸

157 1688 326 1765 revelante,
358 1687 476 1751 Fronto
499 1686 667 1751 officialem
688 1687 801 1751 habuit
830 1694 1001 1765 auctorem,
1025 1688 1171 1753 officialis
1197 1689 1277 1770 legit

156 1797 242 1839 meas
265 1774 304 1837 ad
328 1772 492 1838 Cotionem
521 1774 637 1838 literas.
685 1773 738 1838 Sic
760 1783 923 1857 peccatum
953 1781 1010 1850 est,
1041 1775 1086 1837 sic
1116 1782 1281 1838 armantur

155 1860 336 1934 adversarii,
353 1860 498 1942 quamvis
521 1860 598 1923 haec
621 1860 687 1923 sint
710 1858 840 1924 vetera.⁸
884 1860 1028 1942 Petrejus
1044 1860 1281 1924 commendarit

156 1946 347 2011 Hallensem.
393 1946 510 2009 Ratum
533 1946 566 2009 id
588 1952 620 2009 et
642 1946 766 2009 firmum
790 1946 901 2010 habau.
947 1946 1008 2011 Sed
1033 1947 1134 2010 invito
1163 1945 1280 2028 Eugei-

155 2054 271 2097 maono
302 2054 366 2096 non
396 2053 586 2115 praeponam
617 2032 727 2096 aulicis
759 2032 950 2115 episcopum,
974 2033 1030 2116 qui
1053 2032 1092 2096 de
1115 2038 1221 2096 monte
1246 2035 1278 2096 in

155 2118 264 2183 hortos
293 2123 326 2182 et
353 2118 491 2182 balneas
515 2118 695 2199 speculetur
723 2125 818 2200 teque
845 2119 904 2183 sub
938 2119 1130 2182 umbraculis
1165 2119 1280 2182 vitium

156 2205 406 2269 inambulantem
430 2203 607 2287 despiciat.⁴
654 2204 807 2269 Habenda
829 2227 955 2287 quoque
978 2206 1058 2268 ratio
1075 2209 1123 2268 est
1139 2203 1280 2269 Simonis

155 2290 271 2368 Vulsci,
294 2290 348 2372 qui
372 2289 478 2354 sunm‘
505 2291 535 2353 iu
559 2290 691 2354 aedibus
713 2291 791 2354 meis
814 2313 877 2354 non
901 2291 1053 2373 relinquit
1069 2297 1100 2354 et
1117 2292 1279 2354 contemni

154 2378 360 2452 existimaret,
384 2377 411 2440 si
434 2375 600 2440 officialem
623 2376 752 2440 officiali
774 2382 1008 2440 commutarem.
1056 2376 1155 2440 Cedat
1170 2382 1278 2440 tamen

156 2462 333 2546 inquilinus
356 2467 387 2525 et
411 2462 614 2526 aedificaturo
644 2462 719 2526 mihi
749 2485 880 2526 vacuam
911 2464 1037 2526 domum
1073 2462 1187 2526 tradat.
1233 2462 1279 2525 De

155 2548 313 2630 Holtcgel⁶
337 2549 413 2629 quid
437 2548 563 2612 dicam?
607 2547 708 2612 Tuum
727 2551 786 2612 erit
802 2549 1008 2622 considerare,
1025 2549 1101 2629 quid
1119 2548 1276 2630 expediat.

156 2634 252 2698 Venio
277 2657 360 2698 nunc
383 2635 422 2697 ad
446 2634 634 2717 exemplum,
659 2659 721 2717 quu
745 2635 961 2699 admonendus
985 2637 1044 2697 erit
1067 2634 1277 2697 Herebordus.

155 2721 280 2784 Audisti
310 2733 395 2803 putu,
426 2726 546 2803 quanto
574 2720 691 2784 tuerint
718 2722 750 2783 in
778 2722 914 2804 periculo
944 2722 1027 2784 ritae
1055 2728 1087 2782 et
1110 2721 1278 2801 dignitatis

158 2803 407 2871 Eisenacenses.⁷
463 2806 684 2871 Irascehantur
722 2808 887 2889 principes
944 2805 1092 2870 Ilhunus⁸
1115 2809 1277 2888 quaestori

156 2892 303 2958 Oswaldo
326 2892 463 2957 favebat.
509 2892 622 2957 Actum
647 2915 715 2956 csse
738 2893 905 2957 videbatur·
928 2894 965 2956 de
989 2893 1111 2957 miseris
1145 2893 1277 2956 civibus

155 2979 324 3043 Senatores
347 3003 363 3042 e
386 2985 498 3043 senatu
523 2979 649 3043 fuerant
672 2979 858 3061 depellendi,
883 3001 998 3042 norum
1022 2980 1160 3060 regimen
1185 2979 1278 3042 insti-

155 3067 317 3137 tuendum,
353 3067 494 3148 quinque
529 3089 566 3128 ex
596 3066 730 3147 captivis
764 3067 864 3129 securi
898 3066 1103 3147 percutiendi.
1149 3065 1216 3129 Itur
1237 3066 1277 3128 arl

156 3173 212 3214 me.
260 3151 419 3215 Auxilium
445 3152 572 3233 petitur.
617 3151 772 3216 Faciliora
795 3152 934 3216 Oswaldi
958 3158 988 3214 et
1013 3151 1099 3215 fraus
1121 3157 1276 3215 narratur.

154 3238 339 3301 innocentia
362 3239 476 3302 civium
502 3239 696 3319 proponitur.
741 3237 819 3301 Rem
843 3239 981 3320 pressius
1011 3238 1167 3301 examino.
1216 3237 1277 3301 Ubi

150 3324 261 3405 judicii
285 3324 352 3387 dies
375 3323 519 3397 advenit,
545 3324 665 3387 ducunt
696 3347 799 3388 secum
836 3332 1002 3406 patronum
1032 3325 1136 3387 miseri
1165 3323 1279 3386 l'aleu-

152 3408 283 3477 tinum,⁹
307 3431 368 3472 non
398 3410 612 3490 intelligentes
641 3411 724 3473 hunc
750 3410 906 3473 homiuem
942 3411 1019 3473 clam
1056 3411 1173 3473 sentire
1206 3433 1276 3473 cum

156 3497 331 3560 Dhunianis
355 3501 387 3558 et
409 3496 599 3570 doctorellis,
631 3498 685 3577 qui
713 3499 843 3560 suntin
867 3498 948 3560 aula.
994 3496 1083 3560 Nam.
1098 3495 1223 3560 cxsulcs
1248 3503 1279 3559 ct

155 3583 205 3645 hic
228 3588 259 3644 et
283 3582 376 3645 isthic
399 3583 581 3661 gaudebant
603 3584 693 3646 malis
717 3584 859 3656 aliorum,
883 3606 921 3645 nc
944 3583 1002 3645 soli
1019 3583 1167 3645 damnum
1191 3585 1277 3665 passi

153 3668 258 3750 capite
282 3668 430 3731 diminuti
448 3676 478 3732 et
495 3675 571 3732 nota
588 3671 689 3733 notati
707 3670 895 3732 riderentur.
935 3669 1034 3751 Vulgo
1052 3671 1134 3731 enirn
1151 3670 1276 3741 dicitur,

154 3754 238 3837 quud
263 3776 369 3817 rerum
394 3761 452 3831 ost,
475 3757 625 3836 gaudium
643 3762 691 3818 cst
707 3756 828 3819 miseris
845 3756 947 3818 socios
964 3755 1079 3819 habore
1097 3776 1276 3836 poenarum.

221 3938 234 3965 ὓ
250 3925 374 3977 Frontone
393 3942 437 3976 orn
458 3925 555 3977 Itumln

223 3995 232 4024 ¹
251 3992 379 4060 Aquilius,
398 3994 453 4046 scin
472 3995 628 4062 l'orgitrrgur.
683 3996 693 4026 ²
712 3994 763 4046 Iler
780 3995 920 4061 scithurigu
939 3995 1084 4048 Bouohnor
1098 4010 1147 4045 rou
1161 3993 1278 4048 Mutians

154 4061 248 4114 Hauso.
268 4062 354 4114 822th
368 4067 397 4114 A.
412 4066 431 4115 1.
487 4064 568 4115 ³l'on
588 4063 674 4114 diesur
693 4063 1004 4131 l'crtraueusrcrtataung
1021 4065 1067 4115 dus
1086 4063 1201 4115 tlftiriuls
1221 4066 1278 4133 (dus

153 4130 309 4199 seithurigon
320 4131 441 4251 Miutcrsp
456 4132 490 4183 ist
509 4132 533 4184 iu
553 4133 601 4184 den
614 4132 715 4184 Bricion
729 4149 780 4185 ron
792 4134 858 4185 1512
876 4135 917 4186 dio
928 4134 1006 4186 Roda.
1026 4133 1083 4202 l'gt.
1094 4132 1119 4184 S.
1132 4133 1182 4184 2311
1196 4135 1224 4185 rt.
1238 4135 1260 4186 i.

155 4202 163 4231 ⁴
174 4200 226 4252 llas
236 4200 310 4252 Haus
319 4200 362 4267 lag
372 4216 414 4252 aur
426 4200 519 4254 rtairrz.
530 4201 595 4252 licre
607 4200 707 4269 (ordiri)
717 4203 768 4253 und
779 4218 811 4254 an
823 4204 881 4255 dum
892 4202 1101 4270 ttoorgcuthaler.
1112 4201 1138 4253 in
1149 4201 1276 4253 uclrhorn

156 4267 246 4322 Urban
264 4268 322 4320 sich
341 4269 417 4321 rurist
435 4270 602 4322 autauhaltru
619 4269 723 4390 fitlcgto.
789 4271 969 4336 rrjrfficialun,
990 4273 1039 4324 ‹lcn
1058 4271 1216 4338 suitherigou
1235 4271 1277 4323 hr-

153 4337 241 4404 habcr,
260 4338 306 4389 dor
324 4337 349 4389 in
369 4338 415 4390 der
428 4338 536 4391 Karrzlci
555 4340 600 4391 dus
642 4340 851 4407 culrtsgclchrton
868 4341 975 4395 l'oltalru
988 4340 1144 4407 beschdstigt
1156 4356 1276 4406 goirusun

153 4422 186 4459 zu
211 4407 268 4459 suin
292 4406 401 4461 sclrcint.
472 4409 483 4439 ὓ
502 4408 558 4459 l'on
582 4408 636 4459 ihm
663 4408 745 4463 hoisst
762 4426 790 4462 os
808 4426 858 4462 rrrrr
875 4411 941 4463 noch
960 4413 986 4462 in
1005 4408 1048 4461 nr.
1067 4409 1117 4463 :ius
1135 4409 1182 4460 dus
1200 4408 1277 4461 eous

152 4474 263 4529 »Paulus
290 4475 466 4543 ltoltcgcllurn
496 4476 602 4537 creabit,
632 4476 792 4548 Holtugcllus
820 4479 1001 4532 Crulronuanra
1046 4477 1276 4530 ll'ahrschuiulich

151 4542 233 4597 darroh
252 4543 372 4611 Holtogcl
390 4546 422 4597 dc
441 4544 574 4611 Einrhcck,
594 4546 734 4600 innuatrik.
754 4548 778 4600 in
799 4547 849 4600 mo
872 4549 945 4602 1494.
983 4548 1119 4600 Dorsolbo:
1143 4546 1198 4598 Dus
1220 4547 1276 4600 dac.

154 4611 294 4681 Holrzcgel
325 4614 487 4680 tacentium
508 4617 581 4669 1510.
619 4615 658 4683 (E.
681 4616 756 4671 Matr.
775 4634 800 4672 u.
819 4616 1049 4685 Rcchnungsbuch
1076 4616 1122 4669 dos
1148 4615 1276 4683 Battara).

153 4681 233 4751 'l‘gt
247 4685 286 4737 cr.
300 4684 358 4737 2211.
404 4684 567 4740 rhursechs.
576 4685 747 4752 ltuuptnranrr
764 4685 900 4740 Friedrich
913 4704 964 4738 ron
973 4686 1056 4739 Thuri.
1091 4682 1139 4738 ⁰S.
1154 4684 1202 4737 110
1212 4688 1241 4739 A.
1252 4686 1276 4738 2.
