2774 4966
519 656 614 711 Urban
632 672 666 711 an
684 655 816 726 Spalatin.
1155 671 1157 676 “
1174 658 1236 724 143

125 840 243 914 (larua)
565 840 568 847 ’
642 829 711 891 116.
979 841 1058 910 (naon
1076 842 1141 912 nar)
1160 845 1235 899 1509.

464 953 593 1024 Urban
616 975 664 1023 an
688 951 885 1039 spalatin·

130 1081 287 1144 lltueudsrlru
309 1083 378 1136 liade
401 1082 587 1147 Bearqurrunp,
609 1081 754 1133 diuiditur
777 1082 818 1133 dcl
843 1082 909 1148 Hose
932 1099 969 1134 xri
986 1088 1113 1150 satrapen,
1136 1082 1178 1133 bei
1193 1083 1239 1134 der

132 1149 259 1219 &zadram
307 1149 607 1218 rromelrmenlr'nudcrr
627 1150 694 1201 urrclr
713 1150 768 1216 uus
780 1151 822 1202 die
837 1151 996 1203 (leeundlreit
1009 1151 1136 1203 dmaeldar
1154 1150 1239 1202 duwe

134 1216 199 1285 Pdepae
211 1220 384 1289 tirprrlmlm
408 1207 534 1286 Uburrpen
552 1218 695 1270 auersam
712 1235 749 1270 arc
761 1219 877 1271 larium.
897 1219 1006 1285 Aussoll
1017 1236 1096 1287 peperi
1107 1219 1156 1270 dcrr
1168 1218 1238 1284 Abi.)

173 1332 290 1384 madito
307 1335 457 1395 magistro
475 1332 609 1393 Georgia
629 1332 801 1391 spalatino,
819 1331 940 1382 doctori
957 1333 1118 1391 principie,
1136 1344 1192 1382 auo

466 1417 652 1467 amicissimo
669 1417 710 1466 Η.
720 1416 876 1466 Urbanus.

219 1526 247 1591 S.
292 1527 495 1608 Quamquam
519 1548 582 1590 non
606 1548 643 1589 ea
666 1528 697 1587 in
715 1548 763 1588 me
780 1530 829 1588 est
845 1526 981 1589 eruditio
993 1531 1054 1607 aut
1069 1527 1239 1608 prudentia

143 1609 328 1690 diudicium,
351 1621 389 1675 ut
411 1616 519 1694 putem
542 1616 575 1674 te
598 1612 739 1691 indigere
762 1612 894 1674 consilio
918 1632 1001 1674 meo:
1032 1612 1165 1694 perculit
1188 1634 1238 1675 me

143 1698 222 1759 tanen
240 1697 412 1778 singularis
434 1718 522 1761 amor
547 1698 579 1759 in
594 1702 626 1759 te
649 1719 748 1773 meus,
773 1702 809 1760 ut
824 1703 855 1759 te
881 1696 1030 1760 benevole
1052 1698 1239 1760 admoneam

144 1796 185 1856 pro
203 1790 302 1846 mutua
324 1790 358 1845 et
374 1783 538 1847 individua
562 1787 671 1845 nostra
687 1782 906 1863 germanitate.
941 1781 1006 1863 Ego
1022 1785 1106 1845 enirn
1130 1784 1162 1845 in
1179 1782 1239 1845 hac

146 1861 228 1929 schola
257 1867 466 1950 pythagorica
495 1867 623 1931 sedulus
659 1871 924 1947 nugamentorum
957 1868 1083 1931 auditor
1116 1875 1241 1949 praeter

145 1949 300 2032 quisquilias
322 1954 402 2016 nilril
426 1954 497 2035 lego
521 1959 553 2016 et
575 1952 714 2016 absurda
737 1952 912 2034 lrivolaque
935 1953 1151 2034 sophistarum
1174 1954 1240 2016 dic-

148 2036 198 2096 tau
217 2040 346 2102 nativam
369 2039 469 2102 aciem
499 2039 618 2121 ingenii
646 2038 831 2100 obtundunt
855 2044 886 2099 et
909 2037 1072 2114 hebetant,
1103 2039 1182 2101 adeo
1205 2044 1240 2103 ut

147 2135 183 2178 me
205 2122 308 2187 trustra
330 2123 379 2186 ad
409 2124 572 2207 politiores
603 2125 765 2186 doctrinas
795 2124 921 2201 invites,
951 2145 1056 2200 aenae,
1087 2124 1241 2204 impellas.

148 2198 199 2266 Nou
217 2210 348 2272 urbanus
370 2230 442 2272 sum
458 2215 489 2271 et
505 2210 605 2272 literis
629 2209 764 2271 literatis
781 2208 879 2289 probe
895 2209 1009 2285 cultus,
1026 2214 1063 2271 ut
1078 2208 1242 2272 Matienus

149 2292 228 2380 poster
253 2295 429 2369 existimat,
473 2294 567 2357 homo
597 2295 703 2374 gravis
731 2299 763 2356 et
791 2295 928 2357 disertus
955 2301 1093 2374 tuaeque
1129 2295 1243 2358 salutis

149 2389 195 2463 {¹110
215 2385 331 2444 nostrae
363 2386 579 2462 propugnator
609 2379 795 2458 acerrimus3
827 2380 881 2441 sed
912 2381 1046 2458 agrestis
1074 2384 1184 2461 stupor
1212 2386 1244 2443 et

149 2453 227 2525 rufaus
244 2465 433 2542 bacillarius,
460 2486 566 2528 verum
591 2486 653 2528 nou
678 2466 723 2528 ita
746 2487 867 2541 caecus,
892 2467 969 2546 quin
994 2465 1086 2528 utilia
1109 2472 1141 2528 et
1157 2470 1243 2528 recta

151 2559 244 2639 ”quare
265 2551 321 2614 tibi
358 2552 486 2632 possim.
532 2549 643 2613 Testor
675 2572 777 2613 meum
807 2551 837 2612 in
861 2555 893 2613 te
916 2551 1058 2613 animum
1085 2551 1244 2626 attidem,

151 2624 210 2718 nihil
226 2634 306 2698 aliud
331 2658 379 2698 me
402 2636 547 2710 scribere,
573 2658 669 2717 quarn
693 2635 777 2716 quod
802 2635 1001 2699 conducibile
1025 2636 1159 2698 credam.
1183 2635 1245 2698 Ta-

154 2714 214 2777 citus
231 2720 282 2784 tibi
306 2721 438 2784 cottidie
460 2720 567 2783 fausta
590 2726 621 2783 et
638 2741 788 2801 prospera
812 2721 935 2784 ominor
958 2727 990 2782 et
1013 2721 1104 2784 deum
1126 2743 1246 2803 precor,

156 2796 438 2893 ututelavorabilem
468 2808 549 2869 tanti
578 2806 668 2887 pueri
702 2806 920 2888 paedagogum
949 2812 1122 2869 conservet.
1173 2805 1246 2870 Scio

157 2897 243 2976 suippe
263 2893 450 2977 non‘deesse
466 2892 585 2956 victum
604 2896 636 2953 et
651 2892 813 2966 vestitum,
837 2913 900 2953 non
918 2892 1091 2954 mercedem
1109 2896 1140 2955 et
1156 2913 1247 2974 prae-

156 2983 207 3060 mla,
226 2972 275 3040 lroo
295 2982 345 3040 est
368 2977 480 3040 dotata
508 2977 670 3053 beneficia,
700 2977 791 3039 modo
822 2976 964 3057 gradum,
994 2998 1088 3057 quem
1119 2979 1151 3040 in
1174 2976 1248 3040 aula

156 3059 271 3141 percipis
299 3063 393 3145 quasi
420 3063 545 3125 theatro
574 3063 789 3142 assignarunt,
818 3061 923 3128 officio
953 3068 984 3124 et
1012 3064 1247 3143 perseverantia

155 3136 239 3205 iurare.
280 3148 315 3210 ln
339 3168 404 3230 quo
427 3147 453 3209 si
477 3148 552 3229 quid
578 3147 793 3209 molestiarum
818 3149 927 3211 sentis.
952 3147 983 3210 id
1007 3168 1100 3210 omne
1124 3147 1249 3211 fortiter

158 3214 282 3317 strandum
306 3254 428 3296 censeo.
466 3231 565 3294 Nemo
585 3232 723 3294 lauream
748 3238 885 3295 rueretur
901 3239 932 3297 et
949 3239 1096 3295 auratum
1113 3250 1249 3311 currum,

158 3318 404 3402 1¹¹8{quitortiter
427 3318 543 3380 lecerit.
592 3318 671 3380 riola
699 3339 863 3399 nunquam
894 3319 996 3380 caruit
1018 3318 1247 3382 simultatibus.

158 3384 213 3488 Quis
229 3407 285 3466 tam
308 3403 455 3479 stolidus,
485 3409 649 3465 uteorum
674 3403 766 3466 cedat
790 3403 987 3478 insolentiae,
1022 3405 1076 3483 qui
1102 3404 1249 3467 humani-

157 3476 211 3540 tatis
229 3489 326 3551 studia
350 3495 383 3551 et
403 3489 476 3551 odio
500 3488 620 3551 habent
643 3494 675 3551 et
698 3488 858 3551 ludibrio?
904 3488 991 3552 Satis
1007 3493 1055 3551 est
1071 3490 1246 3570 gratiosum

158 3576 205 3623 esse
221 3575 293 3654 apud
317 3574 455 3656 inclytos
479 3574 583 3649 duces,
608 3574 724 3654 quibus
748 3578 779 3635 te
796 3579 852 3636 tua
869 3575 979 3654 pietas,
1005 3574 1182 3656 integritas,
1200 3576 1249 3639 iu-

160 3661 280 3735 nocentia,
310 3660 434 3739 religio,
463 3660 661 3722 continentia
689 3663 721 3719 et
751 3658 916 3721 literatura
944 3659 1127 3722 conciliant.
1173 3660 1250 3724 Fin-

161 3745 242 3806 gamus
261 3767 329 3807 ecee
353 3745 529 3808 seniculum
554 3744 729 3815 lividulum,
753 3744 981 3819 mordaculum,
1006 3745 1066 3807 tibi
1083 3745 1252 3811 intensum.

158 3811 272 3916 dsslluic
302 3830 502 3894 maledicenti
536 3830 763 3892 remaledicos‘?
808 3829 946 3892 Minime.
994 3829 1071 3905 Quis
1101 3832 1250 3896 laudatur

157 3917 238 4001 l⁹l¹¹¹⁸=
259 3937 352 3995 quam
377 3916 429 3978 cui
461 3915 659 3977 maledicitur·
687 3937 704 3974 a
729 3914 812 3976 rnalo
840 3914 929 3977 viro?
973 3913 1073 3977 Senes
1102 3917 1247 3980 delirant.

157 3980 230 4060 itiam
251 4003 274 4063 si
298 4001 378 4064 latui
409 4002 474 4062 sint
497 4007 529 4061 et
552 4002 714 4074 immanes,
747 4008 852 4061 tamen
882 4006 1010 4083 propter
1039 4005 1177 4065 aetatem
1202 4003 1247 4065 f-

156 4080 224 4144 rtuli
264 4085 333 4149 Non
359 4088 403 4148 sis
425 4086 575 4166 querulus
599 4091 630 4147 et
653 4084 767 4147 tlcbilis
791 4091 943 4167 tanquam
969 4107 1059 4162 anus,
1089 4109 1171 4169 quae
1195 4110 1248 4152 ca-

155 4158 235 4236 pellem
258 4172 403 4252 perdidit.
442 4171 511 4233 Non
537 4178 584 4233 est
600 4171 792 4233 acrunruulis
816 4171 904 4234 labur
921 4171 1042 4234 erudire
1059 4173 1249 4238 lectissimos

154 4243 281 4317 Camillos.
323 4255 412 4319 Tollo
435 4256 605 4318 criu-iatrilo
628 4256 808 4337 suspirium.
848 4256 978 4318 Nobiles
995 4259 1111 4325 cirrati,
1128 4282 1252 4323 summo

152 4328 200 4399 loco
212 4342 282 4415 nati,
296 4341 365 4412 alti,
379 4341 514 4405 erlucati.
530 4341 655 4403 mollius
674 4343 860 4403 instituendi
873 4348 956 4412 sunt,
973 4365 1034 4405 non
1049 4344 1254 4408 inclementer

151 4426 315 4507 castigandi.
363 4427 454 4489 Facis
477 4448 570 4506 quam
597 4448 652 4506 pur
674 4433 722 4487 est
749 4429 914 4503 curiosius,
943 4429 996 4508 qui
1020 4429 1170 4494 auriculis
1192 4430 1256 4494 illis

147 4530 328 4549 *¹*-

198 4578 251 4633 ¹ln
267 4578 370 4633 diesem
388 4578 432 4633 Br.
452 4581 580 4650 entledigt
597 4582 656 4633 sich
676 4581 764 4634 Urbau
781 4583 827 4633 des
847 4581 882 4632 im
902 4581 1009 4649 vorigeu
1021 4579 1063 4632 Br.
1083 4596 1135 4634 von
1152 4580 1256 4636 Munus

141 4646 312 4717 mphngenen
327 4647 475 4717 Audruges
