2774 4966
126 620 189 694 146
514 616 602 682 Briets
619 641 671 681 ron
691 620 868 682 retaliet.

127 800 278 864 adversus
300 799 475 875 stimulum,
500 820 539 861 ne
564 799 693 879 collegis
716 796 892 861 resistendo
915 798 982 861 sive
997 798 1180 862 coaetaneis
1196 799 1265 863 sive

128 891 205 948 natu
229 884 404 965 majoribus
427 888 592 964 captemus
614 891 728 944 ventos
752 882 883 948 retibus.
906 883 1004 946 nimio
1021 904 1163 947 moerore
1187 904 1266 947 carn-

75 971 76 975 ’
127 970 339 1033 tabescentes.
385 968 458 1031 Vita
490 971 573 1030 enim
599 968 704 1030 vitalis
737 988 807 1029 eum
840 967 1000 1031 hilaritate
1030 968 1175 1049 degenda
1200 974 1260 1033 est.

129 1056 246 1118 lterum
273 1054 341 1116 vale
364 1059 397 1116 et
421 1054 491 1115 vive
515 1074 627 1134 meque
651 1052 747 1132 dilige
769 1053 932 1115 mutuiter.
977 1052 1018 1115 M.
1042 1052 1078 1115 D.
1102 1052 1158 1115 IX.

284 1135 347 1189 Cod.
367 1135 434 1190 lies.
453 1136 494 1191 94

127 1288 242 1359 (eous.)
656 1272 727 1333 117.
1002 1286 1071 1355 <aar
1089 1286 1156 1339 Juni
1175 1285 1265 1357 roua.)

506 1377 651 1447 Mutian
674 1398 723 1446 aa
745 1377 885 1448 Urbau.

128 1489 327 1559 (demutatam
351 1489 397 1554 der
415 1488 575 1556 Itdposr'las
592 1489 637 1540 dea
655 1486 876 1540 It'oancnlrlosters
893 1487 930 1539 ist
947 1487 978 1541 ia
995 1486 1046 1540 dero
1066 1488 1154 1541 Orden
1176 1490 1265 1558 etrepa-

128 1566 216 1620 belm,
243 1557 329 1623 cr‘rriqc
355 1558 439 1609 Acten
464 1556 528 1608 sind
553 1556 688 1623 rcrlrupell,
715 1556 747 1607 cir
773 1555 871 1622 Mart
895 1555 943 1608 liat
967 1556 1013 1607 der
1039 1556 1093 1609 liar
1117 1556 1266 1611 Bam

126 1627 253 1696 percuciet
291 1626 383 1678 &ridet
399 1625 485 1692 sinape
507 1624 628 1676 Gediclrle
647 1625 709 1676 iiber
719 1624 762 1675 dic
774 1623 908 1687 Patrimon,
922 1623 1039 1676 udascld
1050 1624 1093 1678 dic
1105 1624 1267 1679 Prmaotion

128 1713 192 1748 aran
220 1694 348 1761 Mupistar
375 1694 432 1745 arrd
458 1692 593 1746 Belrcrbnr
617 1692 662 1744 der
685 1691 782 1759 pricclr.
810 1692 921 1743 riladien
947 1697 1027 1744 carlet
1051 1693 1109 1745 (Iera
1132 1694 1265 1761 yelebrtcn

506 1760 634 1828 Physiler
656 1760 876 1828 Cirrisluplrorrrs.)

230 1856 413 1907 Venerabili
430 1857 471 1906 Η.
490 1855 618 1907 Urbano
641 1856 785 1906 doctrina
803 1861 835 1906 st
853 1856 1003 1916 religione
1019 1857 1145 1918 insigni,
1162 1858 1265 1909 amiso

463 1953 562 2001 prope
580 1941 732 2002 singulari
749 1941 793 1990 Μ.
811 1938 922 1990 Rubra.

231 2034 263 2099 S.
309 2033 451 2098 Libitum
487 2038 535 2098 est
568 2033 765 2098 excolentem
799 2037 831 2096 te
866 2034 982 2097 studiis
1015 2040 1048 2096 et
1081 2034 1114 2097 iu
1146 2034 1266 2099 exedra

129 2120 270 2202 quietum
296 2120 446 2195 excitare,
469 2125 505 2182 ut
527 2119 650 2183 eliciam
674 2119 751 2182 mibi
775 2118 883 2182 literas
905 2125 990 2195 tuas,
1013 2140 1094 2201 quas
1113 2120 1264 2201 equidem

129 2206 183 2268 diu
208 2205 382 2268 desideravi
406 2209 517 2286 utpote
541 2205 724 2267 amicissimi
742 2210 774 2266 et
790 2205 956 2269 tersissimi
978 2203 1127 2267 hominis.
1167 2205 1265 2269 Prae-

129 2291 253 2374 positus
272 2290 455 2367 Vestalium,
473 2290 519 2352 vir
536 2291 707 2353 sanctitate
725 2289 774 2351 vel
789 2289 895 2371 potius
912 2289 1118 2371 simplicitate
1135 2290 1265 2369 nobilis,

129 2378 161 2439 in
185 2375 326 2438 ordinem
352 2380 481 2456 epatre
504 2380 633 2438 coactus
657 2380 714 2452 est,
745 2396 808 2436 uon
840 2381 946 2437 tamen
977 2373 1115 2455 gregalis
1146 2374 1264 2454 iactus,

129 2462 183 2524 sed
222 2461 411 2523 honestatus
450 2460 537 2522 chori
575 2460 712 2540 quadam
751 2458 957 2541 praefectura.
1018 2458 1094 2541 Agri
1137 2460 1269 2542 aliquot

129 2546 282 2628 grandine
316 2545 441 2608 excussi
475 2551 551 2608 sunt
583 2547 614 2607 in
649 2544 708 2607 hac
741 2545 876 2624 regione.
932 2543 1120 2608 Audivimus
1154 2545 1265 2628 frigidi

130 2632 232 2695 minae
266 2629 396 2694 Saturni
432 2636 464 2692 et
498 2635 610 2693 ventos
645 2630 703 2692 diri
739 2630 916 2692 murmuris.
973 2628 1033 2692 Tui
1068 2651 1130 2694 non
1165 2637 1267 2713 egent

129 2717 356 2793 consolatione,
394 2714 520 2796 plenum
555 2719 604 2778 est
639 2714 789 2778 frumenti
826 2715 1019 2795 granarium,
1059 2716 1153 2797 plena
1186 2723 1268 2781 suut

129 2801 250 2877 horrea,
287 2800 407 2864 babent
437 2822 511 2864 suas
542 2800 677 2877 delitias,
709 2821 789 2880 quas
812 2800 844 2862 in
869 2800 927 2862 hac
951 2800 1133 2864 calamitate
1167 2807 1268 2884 poeta

129 2887 274 2951 Tibullus
298 2885 498 2965 efflagitaret.
546 2886 611 2949 lloc
634 2885 734 2968 ipsius
759 2907 883 2948 carmen
907 2890 968 2949 est:

249 2970 367 3053 „Glans
391 2971 472 3035 aluit
495 2976 616 3034 veteres
639 2976 672 3034 et
695 2971 812 3052 passim
836 2991 958 3051 semper
981 2976 1139 3034 amarunt.

298 3056 381 3132 Quid
405 3057 514 3119 nocuit
536 3057 641 3119 sulcos
665 3078 726 3119 non
750 3056 901 3119 habuisse
924 3056 1034 3118 satos?

248 3141 328 3205 Tum
354 3141 471 3221 quibus
494 3142 658 3222 aspirabat
681 3162 778 3217 amor,
803 3141 977 3222 praebebat
998 3146 1108 3222 aperte

298 3227 385 3289 mitis
409 3228 440 3289 in
464 3227 613 3290 umbrosa
635 3227 751 3307 gaudia
775 3226 856 3289 valle
880 3226 992 3288 Venus

247 3311 361 3375 Nullus
385 3318 453 3374 erat
475 3317 592 3387 custos
618 3312 705 3374 nulla
728 3312 895 3374 exclusura
917 3310 1060 3374 dolentes

296 3397 404 3478 janua.
451 3395 485 3459 Si
509 3396 556 3459 tas
580 3402 638 3473 est,
662 3419 730 3460 mos
754 3418 862 3478 precor
885 3396 937 3458 ille
960 3393 1071 3458 redi.“'

236 3482 334 3564 „Tum
360 3483 464 3545 Venus
488 3483 519 3544 in
543 3482 663 3557 silvis“‚
687 3490 723 3545 ut
747 3483 851 3564 inquit
879 3481 1055 3555 Lucretius,
1088 3478 1259 3561 „jungebat

130 3589 261 3649 corpora
278 3566 489 3630 amantum.“²
529 3568 598 3631 Non
615 3567 801 3649 gaudebant
816 3567 969 3630 divitibus
986 3565 1118 3647 puellae.
1162 3564 1257 3646 „Nam

130 3654 265 3734 pretium
297 3653 430 3733 glandes
460 3658 555 3733 atque
586 3654 700 3716 arbuta
735 3652 783 3715 vel
818 3653 886 3734 pira
919 3647 1047 3716 lecta.“⁸
1092 3650 1128 3713 ld
1161 3668 1259 3731 genus

131 3761 261 3802 munera
296 3740 412 3801 dantur
443 3739 473 3800 in
507 3737 593 3801 Valle
623 3743 680 3801 tua
712 3739 849 3800 silvestri
879 3738 989 3801 amice.
1034 3734 1127 3800 Unde
1156 3736 1205 3813 lit,
1226 3738 1259 3799 ut

131 3831 273 3888 extrema
309 3825 490 3887 calamitate
524 3825 629 3886 miuus
658 3828 847 3887 moveantur
874 3822 1074 3886 Herebordus
1097 3821 1209 3885 doctor
1230 3822 1260 3883 et

134 3908 307 3992 discipuli.⁴
353 3908 434 3984 Quid
458 3910 532 3972 novi
557 3910 654 3972 babes
677 3909 715 3971 de
738 3909 820 3972 bello
852 3908 995 3971 Veneto?
1040 3906 1261 3988 Erphurdiana

131 3995 245 4058 civitas
289 3995 494 4057 umultuatur.
542 3993 595 4057 Fit
623 3995 760 4076 impetus
783 3995 815 4056 in
839 3994 923 4057 tures
954 3993 1076 4057 aerarii.
1122 3989 1259 4055 Senatus

131 4080 268 4144 decoxit.
345 4080 426 4155 Quid
464 4079 618 4142 novitatis
663 4079 834 4161 exponitur·
871 4080 903 4141 in
943 4077 1159 4158 bibliopoliis‘?
1217 4074 1261 4141 Do

132 4165 324 4230 lectionibus
347 4170 380 4227 et
403 4164 623 4228 auditionibus
645 4167 711 4227 tuis
734 4165 813 4227 nihil
832 4165 978 4240 scribam,
995 4171 1163 4245 propterea
1177 4160 1261 4242 quod

135 4252 197 4314 ista
220 4251 391 4331 garrulitas
415 4251 540 4313 inanem
565 4251 707 4314 umbram
733 4250 912 4331 praetendit
930 4255 967 4312 'et
988 4248 1106 4331 pellicit
1130 4249 1163 4311 in
1186 4246 1260 4311 ridi-

202 4384 281 4436 ¹llb.
306 4383 376 4451 Eleg.
403 4383 437 4445 ll,
462 4385 486 4445 3,
505 4382 614 4438 72-77.
686 4384 753 4436 π190
772 4400 819 4435 ror.
840 4387 891 4437 nat.
919 4383 949 4447 Υ,
975 4382 1034 4435 959.
1106 4380 1212 4437 ’Lucu
1230 4380 1261 4451 V,

130 4452 188 4505 962.
260 4451 408 4504 ⁴Herbord
428 4468 482 4504 vvar
500 4451 598 4503 Lchrer
622 4453 647 4503 in
673 4451 855 4519 (lcorpeutlral.
926 4450 1003 4502 ὅ1)ἰο
1018 4448 1263 4520 Bcwegungeodu

131 4520 227 4573 Volkea
246 4536 277 4588 ge
295 4535 328 4572 eu
347 4520 396 4572 den
415 4519 466 4572 liat
484 4520 620 4588 bcgarmen
639 4522 697 4572 Ant.
716 4519 778 4572 Juni
801 4520 873 4574 1509.
910 4522 960 4571 Am
977 4518 1015 4571 12.
1028 4517 1092 4570 Juni
1109 4519 1203 4573 warde
1217 4518 1264 4573 der

130 4588 256 4641 Vicrbcn·
277 4537 310 4640 ll
337 4587 433 4640 Kelner
472 4589 581 4656 clanges
605 4592 712 4656 gesetzt.
749 4587 957 4653 Burklrardt,
981 4588 1029 4640 das
1052 4584 1115 4640 alls
1141 4586 1211 4641 Jalrr
1230 4604 1286 4661 ιιι,

130 4655 228 4709 Erfurt.
262 4656 324 4723 Lpz.
345 4656 419 4711 1874.
454 4605 496 4709 im
514 4656 614 4711 Archiv
633 4658 675 4709 fiir
692 4656 782 4710 Stobs.
801 4655 896 4711 essen.
915 4654 977 4709 XII.
995 4654 1021 4709 S.
1040 4654 1189 4711 337-426.
