2774 4966
542 651 645 707 ilntian
663 666 696 704 an
706 648 815 704 'Urbem
1171 648 1235 715 425

121 827 276 893 mendem.
315 825 412 889 Decet
432 814 664 888 adulescentem
681 828 713 887 et
726 821 862 887 Matiani
877 821 1108 898 obsonatorem,
1126 823 1238 889 decora

121 917 203 980 tiara
225 917 263 977 ut
284 912 458 976 instructus
488 910 590 973 nitore
620 910 733 991 capitis
764 913 796 972 et
817 913 931 973 ornatu
965 909 1094 974 visendo
1127 909 1237 975 herum

121 1006 154 1065 et
176 1022 208 1064 se
223 999 327 1082 ipsum
350 996 473 1079 publice
497 995 702 1060 cohonestare
724 1000 843 1077 pergat.
888 994 999 1076 ltaque
1021 1016 1083 1060 non
1107 1017 1236 1080 exspec-

121 1087 208 1152 tabis
241 1084 393 1149 celebrem
430 1085 599 1146 mercatum
628 1085 660 1146 et
687 1103 792 1146 eornm
826 1082 1037 1160 mercimonia,
1071 1083 1127 1165 qui
1157 1083 1237 1148 festo

122 1169 276 1237 trinitatis
312 1168 480 1233 tentoriola
517 1168 620 1250 figunt
656 1189 710 1249 pro
748 1167 898 1246 gradibus
934 1167 1094 1245 Marianis,
1133 1168 1185 1232 sed
1220 1191 1237 1233 e

122 1259 255 1340 vestigio
279 1257 449 1339 pretiosum
474 1276 541 1318 eme
573 1254 776 1335 galericulum
810 1255 903 1317 etiam
937 1254 1154 1337 duodeviginti
1190 1254 1237 1319 vel

125 1366 161 1408 eo
185 1344 319 1426 amplius
344 1340 490 1404 Boemis.¹
536 1339 616 1404 Nam
641 1340 764 1421 prodire
786 1339 855 1404 vult
877 1341 993 1403 vestitu
1017 1341 1183 1420 magnifico
1206 1345 1238 1406 et

124 1436 249 1495 euntem
274 1429 305 1491 in
334 1426 456 1490 coelum
480 1429 511 1489 et
534 1426 773 1489 descendentem
801 1426 944 1507 spiritum
969 1435 1000 1489 et
1030 1425 1237 1490 ambarvalia²

124 1517 289 1580 decoratus
312 1513 455 1577 invieere.
501 1510 586 1589 Vale,
607 1512 777 1575 amicorum
801 1513 1007 1576 sanctissime.

278 1614 339 1668 Cod.
358 1612 424 1667 Frcl.
444 1612 499 1667 165.

126 1752 240 1822 (betha.)
644 1733 715 1799 355.
1010 1749 1050 1804 es.
1069 1748 1123 1803 uu
1141 1748 1237 1819 (1514).

499 1844 639 1915 lintion
661 1864 709 1915 un
732 1842 869 1915 Urban.

131 1975 298 2043 (messuitur
322 1975 365 2028 dic
388 1991 531 2044 praesume
563 1973 722 2042 Vicrlciluny
746 1973 888 2027 Beberam
925 1973 1058 2027 &boecler
1082 1972 1145 2024 dher
1169 1972 1240 2026 scine

200 2044 392 2099 Oesldndm'sse.
422 2043 478 2097 mu
494 2042 644 2097 eorumden
662 2043 785 2113 Erempel
799 2043 846 2109 fiir
862 2042 904 2096 dic
921 2043 1018 2096 stolam
1035 2041 1172 2112 rumen.)

209 2158 374 2210 Praeclare
392 2159 476 2221 petri
493 2159 533 2210 Η.
551 2158 678 2210 Urbano
695 2159 853 2220 magistro,
870 2159 1037 2209 amicorum
1055 2158 1154 2219 primo

583 2241 638 2310 (Η.
661 2241 783 2311 Rufus).

229 2338 261 2402 S.
307 2338 373 2402 Etsi
396 2360 505 2404 omnes
528 2339 685 2403 cruciatus
708 2341 842 2404 minores
870 2339 1010 2422 plerique
1041 2360 1134 2421 quern
1164 2336 1240 2400 leci·

126 2446 203 2490 nora
225 2447 263 2487 ex
287 2425 501 2508 conjuratione
525 2424 785 2509 deprehensorum
810 2426 1011 2502 arbitrentur,
1035 2448 1093 2489 nec
1115 2424 1239 2507 injuria,

127 2532 197 2575 cum
221 2517 330 2594 parata
359 2513 504 2577 incendia
531 2513 672 2576 insontes
699 2513 794 2576 sicuti
820 2517 936 2588 sontes,
972 2513 1033 2576 nisi
1061 2512 1137 2576 dens
1168 2531 1241 2592 pro·

126 2596 292 2674 hibniseet,
328 2599 360 2660 in
399 2599 567 2680 periculum
605 2596 781 2663 traherent:
816 2598 1029 2663 moderatione
1066 2603 1170 2662 tamen
1209 2599 1241 2659 et

127 2683 293 2747 clementia
316 2685 363 2747 uti
386 2685 473 2765 plebs
502 2685 629 2749 deberet
650 2685 682 2748 in
705 2686 788 2749 viros
817 2686 957 2766 insignes
985 2706 1087 2766 neque
1114 2682 1240 2764 quadri·

128 2770 239 2834 fariam
264 2776 413 2833 nocentes
436 2771 582 2848 dividere,
606 2793 685 2854 quos
707 2771 754 2835 vel
778 2792 849 2834 acer
871 2772 998 2852 punitor
1020 2770 1099 2834 satie
1116 2771 1241 2852 putaret

128 2857 233 2939 gladio
256 2855 486 2920 succubuisse.⁸
530 2858 725 2939 Quamquam
749 2858 822 2921 olim
839 2857 973 2921 Romani
989 2878 1110 2939 semper
1124 2855 1243 2920 fuerint

130 2943 347 3025 conjuratione
369 2942 477 3025 aliqua
500 2943 657 3026 patefacta
679 2945 789 3020 severi,
813 2964 851 3007 ne
874 2944 1030 3025 ingeniosi
1053 2947 1085 3007 et
1106 2943 1241 3007 audaces

128 3028 232 3112 cupidi
267 3035 372 3093 essent
404 3030 628 3095 dominationis
658 3034 689 3094 et
710 3052 812 3094 rerum
845 3051 1006 3094 novarum.
1052 3028 1129 3107 Heu,
1162 3026 1240 3092 heu!

128 3123 281 3198 quantum
305 3116 423 3179 abusus
447 3122 495 3180 est
518 3116 663 3182 Bobezeu
688 3114 913 3193 dominatione,
946 3137 1040 3200 quam
1075 3115 1241 3198 multiplici

128 3203 241 3284 flagrat
262 3202 392 3279 invidia,
420 3207 549 3285 quanta,
579 3205 628 3267 uti
657 3224 762 3267 rumor
784 3203 838 3280 ait,
861 3207 993 3267 tortus·
1022 3201 1178 3266 crudelem
1207 3201 1241 3264 in

128 3288 255 3352 modum
291 3287 371 3352 ferro
403 3294 435 3352 et
466 3289 531 3370 igni
561 3289 696 3353 detexit!
741 3287 802 3353 Sed
837 3289 914 3353 haec
946 3288 1083 3353 viderint
1115 3285 1242 3369 superbi

129 3375 289 3439 causidici.
336 3373 443 3438 Viteut
465 3379 619 3439 nocturna
642 3374 860 3448 conciliabula,
885 3397 947 3439 non
971 3374 1124 3438 invadant
1143 3371 1243 3437 dorni·

132 3462 300 3532 nationem,
336 3482 397 3524 uon
434 3462 499 3524 sint
532 3463 713 3545 importuni.
765 3463 873 3525 Sciant
907 3484 974 3525 esse
1008 3461 1171 3542 optimum,
1206 3462 1243 3522 ut

129 3549 238 3629 loquar
277 3547 397 3610 Horatii
434 3547 546 3624 verbis,
582 3547 644 3629 ,nil
679 3549 816 3611 conscire
850 3548 921 3620 sibi,
956 3547 1042 3610 nulla
1076 3546 1242 3627 pallescere

129 3631 267 3715 culpa.“⁴
310 3631 385 3696 Vale
421 3640 453 3697 et
484 3633 587 3697 saluta
618 3633 841 3696 Herebordurn.
892 3634 937 3696 Ad
971 3633 1087 3715 gaudia
1124 3630 1242 3695 Christi

129 3718 356 3801 triumphantis
378 3719 410 3781 in
434 3719 544 3783 coelo*
662 3744 667 3753 ·

285 3820 344 3874 Coo.
364 3819 428 3874 Frcf.
449 3821 505 3874 loo.

130 3956 243 4025 (sorra.)
651 3942 721 4006 356.
968 3959 1003 4024 (n.
1022 3956 1062 4007 24.
1085 3953 1136 4008 rra
1155 3952 1242 4023 1514.)

498 4051 639 4121 ltlntian
661 4071 709 4121 an
733 4050 869 4121 Urban.

133 4160 236 4226 (Serre
254 4164 318 4213 arcer
334 4162 429 4228 Brresc,
448 4180 497 4215 rme
515 4164 596 4216 denen
613 4164 658 4216 der
675 4164 731 4216 cine
749 4163 811 4215 tader
827 4163 875 4215 den
893 4161 1040 4227 Herst'clcler
1058 4159 1172 4214 «Sabell-ie
1189 4157 1246 4210 uad

130 4231 201 4282 seiae
219 4230 334 4298 Antiope
348 4248 425 4299 pepon
443 4232 493 4285 rlbt
512 4232 673 4295 Harlmmur,
691 4232 736 4285 der
752 4232 847 4285 cudere
864 4231 927 4284 iiber
949 4231 991 4283 die
1019 4226 1244 4293 Gesandlsclmfls·

199 4366 212 4392 α
225 4354 318 4403 tereus,

201 4421 208 4449 ¹
226 4418 251 4468 V
270 4418 284 4472 l.
304 4420 329 4471 S.
341 4417 390 4470 39?
410 4421 440 4470 Α.
456 4421 476 4470 1.
548 4420 628 4472 'Das
647 4419 796 4489 Plingstlcst
812 4420 866 4473 und
884 4418 1085 4473 Bouileziusicst
1103 4416 1151 4469 mit
1168 4414 1243 4468 scier*

135 4487 231 4539 lic-hcm
250 4436 354 4554 blnrzug
371 4503 414 4539 am
431 4488 455 4540 4.
474 4489 526 4540 und
545 4491 568 4540 ι’).
586 4489 656 4540 luni.
727 4487 873 4542 ⁸Bobezen
897 4488 986 4541 n'urde
1013 4487 1055 4539 bci
1081 4484 1244 4551 lebendigem

133 4555 213 4608 Leibe
237 4556 391 4623 gnviertoilr.
421 4556 478 4609 Von
500 4557 589 4609 scinco
611 4557 830 4626 llitnngeklagten
847 4558 940 4610 endete
958 4556 1042 4625 Georg
1061 4569 1121 4607 zum
1139 4552 1245 4607 Rochna

135 4624 218 4676 durch
237 4626 284 4679 des
301 4624 425 4678 Schwcrt.
463 4625 665 4695 Burlrhardt,
686 4626 710 4681 d.
729 4624 791 4681 telle
814 4626 879 4680 Jshr
895 4624 920 4681 S.
939 4626 997 4680 412.
1052 4626 1062 4657 ⁴
1080 4623 1141 4677 llor.
1158 4620 1205 4691 llp.
1222 4620 1245 4693 1,

134 4695 157 4761 1,
176 4694 217 4749 61.
281 4693 494 4749 ⁶Hinrnrelfabrt
512 4693 553 4750 25.
572 4694 633 4750 Mai.
