2774 4966
524 573 630 624 Mntiaa
647 588 680 624 an
700 569 850 625 Musardns.
1192 565 1253 628 251

123 744 261 810 Proinde
286 752 433 827 precatur
455 742 606 808 Horatius
629 765 734 807 aurore
757 740 1051 826 contemplationis:
1079 739 1148 822 ,Sit
1168 739 1254 819 mihi,

124 832 210 912 qnod
238 853 324 894 nnnc
354 837 412 905 est,
444 832 539 893 etiam
570 830 684 900 minus,
715 833 752 891 ut
778 830 855 892 milii
879 828 1028 891 vivam.“¹
1076 827 1173 891 Vetus
1207 833 1256 892 est

127 916 342 998 proverbium:
374 916 589 979 crescentibus
614 916 734 977 divitiis
759 916 836 978 vitia
858 936 1006 989 crescere,
1030 919 1060 975 et
1085 913 1255 978 Gualterus

126 1002 171 1065 De
194 1004 294 1084 gestis
327 1001 498 1065 Alexandri
532 1001 654 1081 Magni:
696 1001 844 1081 ,Anseris
880 1001 1013 1080 pecnnia
1048 1021 1158 1077 mores,
1183 1001 1253 1062 Non

126 1089 237 1151 afferre
260 1085 393 1152 solet.“²
439 1087 499 1163 Qui
534 1109 607 1168 ergo
632 1093 663 1148 te
697 1087 735 1148 ad
772 1086 951 1148 Convalleis
986 1085 1181 1165 Georgianas
1216 1109 1254 1147 ex

126 1173 315 1256 philosopho
350 1172 511 1247 Croesum,
541 1196 578 1235 ex
603 1172 746 1235 modesto
783 1173 981 1248 insolentem,
1005 1194 1042 1232 ex
1068 1177 1255 1252 monotropo

123 1259 355 1323 Romanensem
375 1259 476 1321 facere
493 1258 602 1329 voluit,
621 1258 761 1339 profecto
778 1257 903 1338 legatus
920 1261 987 1319 erat
1004 1256 1254 1333 cacodaemonis

124 1345 208 1408 filins
232 1345 445 1418 tenebrarum,
480 1343 565 1406 lerna
589 1343 754 1417 malornm,
786 1344 894 1405 livoris
927 1343 1084 1405 alumnus
1133 1343 1255 1423 „biron

125 1431 208 1493 iners
243 1430 366 1503 vitium,
403 1450 504 1491 mores
539 1452 600 1492 nnn
631 1430 698 1491 exit
730 1430 762 1491 in
798 1429 880 1491 altos
914 1427 1019 1508 thue
1057 1428 1160 1490 latens
1194 1430 1256 1490 ima

127 1516 234 1596 vipera
273 1515 371 1595 serpit
409 1511 553 1577 liumo.“³
616 1515 705 1577 Hanc
743 1517 977 1595 proserpentem
1017 1512 1162 1589 bestiam,
1197 1513 1255 1576 hoc

125 1605 243 1664 tetrum
268 1600 381 1677 scelus,
404 1599 488 1663 hanc
511 1600 752 1681 praestigiosam
784 1599 1032 1663 admonitionem
1057 1603 1089 1660 et
1112 1598 1202 1661 fucos
1224 1603 1256 1661 et

127 1686 236 1749 inania
259 1685 356 1749 verba
389 1689 564 1748 contemne.
612 1685 767 1748 Ferantur
800 1685 853 1748 alii
878 1683 1094 1747 multitudinis
1124 1685 1255 1765 judicio,

127 1793 273 1853 quaeque
296 1771 405 1853 majori
431 1772 512 1854 parti
537 1771 747 1852 pulcherrima
779 1773 955 1846 videantur,
980 1792 1015 1831 ea
1040 1771 1177 1833 maxime
1200 1793 1255 1832 ex·

127 1863 248 1941 optent.
305 1857 474 1939 Nunquam
510 1858 593 1919 enim
628 1857 672 1919 ita
708 1857 787 1919 bene
825 1862 930 1920 actum
970 1861 1019 1919 est
1056 1879 1125 1919 cnm
1162 1856 1256 1918 rebus

126 1943 285 2019 bumaniS,
308 1947 344 2007 nt
368 1965 430 2005 non
457 1943 562 2024 pejora
591 1943 752 2004 vincerent
782 1966 882 2023 eaque
910 1943 1053 2025 pluribus
1087 1943 1255 2022 placerent.

127 2029 185 2107 Qui
208 2029 318 2110 paucis
341 2035 512 2092 contentus
536 2032 624 2091 totus
650 2033 791 2090 versatur
810 2029 841 2091 in
858 2051 959 2091 rerum
977 2029 1255 2110 contemplatione,

127 2113 176 2177 bic
199 2122 247 2177 est
272 2135 365 2196 quern
391 2115 471 2190 volo,
496 2137 588 2196 quem
613 2135 693 2176 amo.
741 2114 817 2176 Eam
842 2136 987 2195 geramus
1019 2134 1200 2195 personam,
1222 2117 1257 2176 ut

128 2201 290 2282 appetitus
313 2200 428 2262 rationi
454 2205 562 2282 pareat
585 2200 752 2281 fugiatque
777 2201 927 2280 pecuniae
951 2201 1169 2280 cupiditatem,
1193 2220 1257 2279 qua

128 2287 180 2367 qui
204 2286 429 2361 inflammatur,
454 2288 539 2348 hunc
562 2307 620 2366 ego
646 2307 707 2347 non
732 2288 865 2350 stultum
898 2287 989 2349 modo
1013 2292 1044 2348 et
1068 2284 1256 2366 improbum,

128 2372 179 2435 sed
204 2372 383 2434 dementem
408 2378 439 2434 et
463 2394 584 2434 morum
610 2376 642 2433 et
664 2373 777 2451 quavis
800 2373 926 2435 sentina
950 2372 1091 2452 lotioque
1122 2371 1257 2459 sordidi·x

128 2478 210 2520 orem
246 2480 313 2520 esse
344 2456 462 2538 judicu.
510 2458 585 2520 Plus
621 2457 703 2519 enim
739 2459 822 2540 apud
853 2481 901 2521 me
931 2458 1015 2520 valet
1047 2459 1127 2520 ratio
1161 2478 1257 2537 quarn

127 2543 211 2624 vulgi
236 2543 352 2625 opinio.
402 2543 543 2606 Perdidit
566 2540 632 2606 mer
664 2545 770 2607 nescio
794 2545 869 2624 qnid
893 2543 1112 2625 supellectilis3
1130 2565 1169 2605 an
1188 2542 1258 2605 ideo

128 2629 245 2692 miser?
290 2628 359 2691 Non
384 2629 486 2691 credo
531 2629 606 2692 Bias
631 2629 677 2690 vir
700 2631 826 2710 sapiens
843 2635 937 2711 capta
955 2631 1056 2711 patria
1074 2652 1143 2692 cum
1161 2628 1258 2691 ceteri

128 2715 227 2778 multa
250 2713 290 2775 de
312 2715 378 2777 suis
402 2714 496 2777 rebus
519 2737 626 2778 secum
647 2720 857 2795 asportarent,
874 2715 1058 2779 admonitus
1074 2737 1093 2777 a
1108 2715 1255 2796 quodam,

128 2804 161 2862 nt
183 2799 266 2863 idem
291 2799 358 2881 ipse
382 2800 516 2864 laceret:
544 2801 628 2882 „ligo
646 2798 737 2864 vero“
768 2803 874 2882 inquit
901 2802 1010 2882 ,facio
1048 2800 1129 2863 Nam
1152 2801 1260 2863 omnia

131 2907 197 2948 mea
220 2907 342 2948 meeum
369 2886 488 2967 porto.“
537 2886 819 2968 ltasnisqnisqne
843 2887 986 2968 fungitur
1009 2887 1159 2949 moribus.
1197 2885 1258 2948 mii

128 2971 265 3035 ludibria
299 2970 455 3046 fortunae,
490 2972 616 3048 sacella,
645 2996 716 3036 aras
749 2973 877 3050 Christi,
913 2972 1138 3054 patrimonium
1175 2971 1259 3034 bona

128 3055 301 3140 appellant,
324 3078 407 3138 qnae
430 3058 504 3121 Bias
521 3058 755 3123 eruditissimus
772 3082 811 3122 ne
827 3081 885 3122 sua
901 3058 1029 3139 quidem
1046 3081 1115 3121 esse
1131 3057 1257 3120 diceret.

128 3141 232 3206 Tanta
248 3146 297 3205 est
313 3165 387 3206 cura
410 3142 568 3207 libertatis
593 3145 719 3208 vivendi
742 3145 827 3228 apud
852 3145 1132 3227 prudentissimum
1151 3165 1259 3223 qnem-

128 3249 197 3310 que,
222 3227 255 3290 id
283 3233 332 3291 est
362 3230 533 3311 potestatis
567 3231 705 3305 vivendi,
729 3236 764 3293 nt
786 3232 872 3294 velis.
918 3231 995 3307 Quis
1030 3234 1137 3293 autem
1170 3228 1259 3306 vivit,

128 3318 162 3377 nt
197 3312 289 3376 vult?
344 3314 547 3397 Respondeat
585 3316 761 3379 consularis
799 3322 917 3379 orator:
959 3315 1047 3396 ,Nisi
1086 3316 1141 3396 qui
1174 3318 1260 3378 recta

127 3400 286 3480 aequitum
311 3401 364 3480 qui
388 3400 506 3479 garrdet
532 3400 649 3475 officio,
667 3403 716 3463 cui
734 3402 860 3464 vivendi
878 3403 927 3464 via
944 3401 1145 3464 considerata
1162 3406 1260 3481 atque

128 3485 254 3567 provisa
278 3490 336 3562 est,
368 3486 422 3566 qui
451 3485 576 3567 legibus
603 3486 730 3568 quidem
759 3510 822 3549 non
851 3492 979 3569 propter
1007 3492 1124 3549 metum
1161 3490 1258 3567 paret,

127 3572 182 3634 aed
207 3592 244 3632 ea
267 3570 412 3654 seqnitur
434 3577 465 3633 et
489 3572 574 3647 colit,
594 3573 669 3652 qnia
686 3572 715 3634 id
733 3574 871 3635 salutare
889 3596 957 3634 esse
975 3572 1111 3634 maxime
1125 3571 1259 3651 judicat,
1319 3644 1322 3649 ι

127 3657 181 3738 qui
202 3653 281 3717 nihil
306 3655 394 3732 dicit,
420 3657 497 3719 nihil
522 3656 609 3733 facit,
633 3658 710 3720 nilril
735 3660 856 3739 cogitat
879 3658 1015 3738 denique
1039 3657 1099 3718 nisi
1123 3657 1260 3719 libenter

127 3764 164 3804 ao
186 3740 295 3820 libere,
320 3740 410 3822 cnjus
432 3743 540 3805 omnia
563 3743 695 3806 consilia
720 3766 832 3826 resque
855 3766 975 3819 omnes
1000 3764 1079 3823 (luas
1103 3742 1194 3822 gerit,
1217 3741 1259 3804 ab

126 3828 196 3908 ipso
223 3827 467 3906 proficiscuntur
490 3828 663 3909 eodemque
688 3829 881 3892 feruntur:“⁵
907 3830 990 3891 lmnc
1015 3829 1112 3908 igitur
1135 3827 1260 3908 sapien-

126 3917 190 3974 tem
209 3916 243 3974 et
259 3911 388 3974 divitem
414 3935 482 3974 esse
505 3914 652 3990 arbitror,
676 3916 729 3996 qui
754 3917 785 3977 in
810 3939 842 3978 se
860 3937 921 3977 nno
946 3936 1003 3975 sna
1028 3913 1119 3993 ponit
1142 3913 1258 3976 omnia.

126 3998 186 4074 Qni
226 4000 334 4059 autem
372 3999 490 4060 curiam
529 4000 705 4062 itomanam
750 4001 952 4080 imaginatur,
992 4001 1046 4079 qni
1085 3998 1260 4061 ambitione

126 4082 263 4159 laborat,
280 4083 334 4162 qui
352 4083 438 4146 lucro
456 4090 486 4145 et
503 4087 650 4164 (praestni
668 4085 784 4160 siiulet,
802 4086 932 4167 quiden
950 4085 1101 4147 utilitatis
1116 4089 1260 4147 terrenae

125 4168 232 4250 gratia
265 4190 355 4230 sacra
389 4168 476 4244 facit,
511 4170 565 4251 qui
589 4171 705 4239 fallere,
743 4171 877 4245 mentiri,
912 4169 1047 4252 spoliare
1082 4169 1259 4251 praeclaras

125 4261 211 4317 artes
236 4276 305 4316 esse
329 4259 430 4334 putat,
456 4256 505 4316 cni
530 4277 601 4335 spes
624 4257 728 4318 omnis
752 4264 780 4318 et
807 4258 887 4319 ratio
911 4264 942 4318 et
967 4257 1119 4336 cogitatio
1144 4255 1260 4336 pendet

125 4362 165 4401 ex
190 4338 334 4401 fortuna:
359 4338 433 4402 bnic
457 4341 645 4421 persuadere
670 4363 732 4402 non
757 4364 895 4423 possum,
921 4349 955 4404 ut
975 4364 1045 4403 cum
1064 4341 1138 4404 viris
1157 4341 1258 4417 bonis

197 4523 287 4577 ¹Hor.
306 4523 352 4592 Ep.
372 4525 392 4591 I,
413 4525 445 4579 18
474 4527 531 4580 107.
603 4528 735 4581 ²uualu1.
754 4528 870 4595 Ltlllsq.
941 4527 1044 4580 ³Orid.
1065 4527 1110 4593 Ep.
1130 4543 1162 4578 ox
1175 4526 1257 4580 Ponto

124 4592 174 4662 111,
192 4594 218 4661 3,
238 4591 285 4651 101
305 4608 344 4661 sq.
415 4595 426 4626 ⁴
442 4566 496 4648 ilar
514 4593 752 4650 rerltiumderischo
771 4599 838 4651 Alto.
909 4595 991 4649 ⁶Cio.
1010 4595 1103 4650 Parad.
1123 4595 1155 4663 V,
1178 4595 1255 4663 l,=34.
