2774 4966
362 651 468 705 Mutian
487 668 521 706 an
540 632 639 707 Urban.
676 653 782 706 Mutian
800 669 835 706 an
854 653 1012 721 Compages.
1192 653 1256 718 485

122 820 364 899 Herebordnm‚¹
394 825 502 886 tamen
533 826 694 900 nostrum;
728 842 830 885 mores
859 823 943 886 enim
976 843 1040 886 nou
1072 822 1256 887 disturbant

119 907 292 971 amicitiam
325 906 422 970 semel
453 907 622 982 firmatam,
655 913 691 970 ut
718 908 830 971 saltem
865 912 1020 988 agnoscat
1052 929 1146 988 quem
1180 908 1255 972 olim

120 993 234 1056 dilexit
272 991 440 1056 Eobannm
482 993 607 1075 poetico
646 992 750 1055 furore
787 994 955 1074 insignem.
1014 993 1144 1057 Eobano
1181 1015 1256 1058 vero

120 1082 232 1142 auctor
263 1078 319 1153 lui,
350 1081 387 1141 ut
417 1078 570 1141 scriberet
605 1078 644 1140 ad
676 1078 900 1141 cancellarium
935 1078 1077 1142 Hassiae.
1123 1078 1158 1142 ld
1192 1080 1255 1144 sibi

121 1162 240 1228 nedum
263 1163 343 1227 mihi
365 1165 425 1227 erit
448 1163 646 1226 fructiferum
669 1169 702 1226 et
725 1169 862 1244 gratum.
903 1161 1101 1228 Sclrilonem²
1118 1165 1254 1247 attingo,

120 1250 176 1313 aed
200 1249 321 1312 leviter.
367 1248 481 1324 luben,
506 1254 543 1312 ut
564 1249 625 1312 tibi
650 1255 681 1312 et
703 1247 939 1330 Engelmanno⁸
963 1249 1075 1313 reddat
1099 1252 1253 1314 rationem

119 1334 326 1399 villicationis
349 1356 433 1398 suae.
480 1334 591 1416 Neque
613 1334 697 1396 enim
721 1335 790 1417 pati
817 1333 958 1398 fraudem
992 1335 1113 1399 diutius
1144 1335 1255 1412 debeo,

119 1422 183 1484 imo
206 1442 246 1483 ne
267 1441 397 1502 possum
429 1419 567 1502 quidem.
614 1419 704 1496 Quod
736 1420 892 1501 reliquum
926 1425 985 1497 est,
1020 1422 1122 1503 arripe
1156 1422 1254 1486 istum

123 1505 280 1582 vulturem
298 1509 330 1568 et
346 1504 496 1586 depluma
520 1506 652 1569 caudam
677 1506 753 1586 ejus.
793 1503 829 1568 Si
845 1506 1003 1570 mordebit
1018 1511 1076 1570 aut
1091 1507 1254 1587 unguibus

121 1591 276 1655 lacerabit
298 1591 360 1670 (est
382 1592 464 1654 enim
497 1589 668 1672 petulans),
700 1590 791 1671 pulsa
823 1597 920 1672 caput
951 1591 1036 1655 foedi
1070 1592 1255 1657 animalculi

122 1698 185 1741 non
201 1689 215 1717 ⁸
230 1680 296 1740 tarn
313 1677 456 1758 scipione
467 1680 499 1739 et
513 1676 634 1757 pertica
645 1698 740 1758 quarn
754 1676 868 1740 acerba
881 1678 1141 1741 contradictione.
1167 1678 1251 1743 Vale.

273 1778 335 1832 Cod.
353 1776 420 1831 Frot
440 1776 499 1831 392.

119 1954 234 2033 (oona.)
366 1977 368 1981 ⁴
643 1950 715 2013 418.
1027 1964 1067 2019 26.
1087 1965 1158 2033 Sept.
1179 1966 1254 2020 1514.

441 2073 586 2144 Mutian
610 2095 659 2145 an
683 2075 922 2162 campagus·

119 2203 360 2272 (Dirleclrutdr'prmq
376 2205 486 2257 seltenen
507 2203 667 2257 Schreiberu.
699 2204 780 2257 Frent
798 2204 864 2270 sich,
883 2204 946 2257 dosa
964 2221 993 2256 er
1010 2203 1107 2255 Eobon
1128 2203 1187 2266 zoor,
1210 2205 1256 2256 der

119 2272 164 2324 ein
181 2272 286 2325 arrato
307 2272 380 2325 Ouid.
423 2272 556 2325 Wc'r'trrcrut
578 2273 663 2326 ‹lrarer
679 2274 729 2325 clere
746 2273 837 2325 Rubor
858 2273 903 2324 der
931 2271 1149 2325 Unaarblicrka‘r
1171 2273 1254 2330 sucht.

116 2341 176 2409 pelet
194 2340 313 2393 Herbord
328 2341 604 2409 antropopathos
626 2342 731 2394 Rubrae
747 2342 792 2394 des
808 2341 929 2394 Jurreren
952 2340 1029 2393 mecla.
1068 2339 1155 2403 Birnt,
1178 2347 1256 2394 ωηεν

303 2409 394 2462 arinen
413 2410 496 2463 naor
513 2410 564 2462 dere
580 2409 676 2462 erasm
694 2410 766 2462 rrrrlrt
784 2415 881 2462 rentreu
899 2427 936 2462 ru
953 2409 1074 2475 wodor.)

174 2522 254 2575 Caro
273 2535 328 2573 auo
346 2523 501 2584 compago
520 2522 684 2575 tabellioni
702 2523 782 2573 bene
799 2523 926 2573 literato
944 2527 976 2573 et
994 2521 1089 2573 offleii
1106 2521 1200 2582 pleno

598 2610 643 2659 M.
660 2607 772 2659 Ruttre.

222 2717 257 2782 Si
291 2719 454 2782 commode
498 2718 584 2782 vales
618 2722 650 2782 et
683 2717 828 2782 fortunas
868 2739 966 2799 auges
999 2724 1031 2780 et
1067 2717 1187 2780 utiliter
1220 2717 1255 2780 in

116 2803 298 2869 forensibus
321 2805 458 2885 negotiis
487 2826 621 2882 versare,
656 2805 735 2867 bene
763 2809 820 2868 est.
872 2803 923 2867 Me
950 2804 1104 2867 honestae
1134 2803 1254 2885 quietis

116 2893 149 2953 et
172 2889 417 2972 tranquillitatis
441 2891 540 2954 animi
562 2913 627 2953 non
652 2891 802 2971 poenitet.
842 2889 1042 2953 Frnor-enim
1059 2889 1110 2952 dei
1127 2889 1254 2952 cultura
1370 2940 1375 2946 .

117 2997 248 3040 securus
283 2997 385 3040 rerum
418 2977 611 3057 agendarum
636 2983 669 3039 et
692 2976 839 3040 addictus
872 2975 995 3057 legendi
1030 2975 1254 3056 scribendique

116 3062 225 3125 studio
250 3065 430 3143 temporum
456 3061 565 3125 horum
592 3061 817 3125 inclinationes
840 3067 872 3124 et
895 3061 1058 3125 bominum
1089 3060 1253 3124 levitatem

116 3147 271 3229 singulari
301 3149 484 3211 constantia
507 3154 538 3211 et
562 3149 689 3230 egregia
718 3148 854 3229 quadam
885 3147 1043 3229 gravitate
1074 3150 1254 3211 contemno.

117 3231 164 3296 Tu
187 3234 305 3298 amoris
330 3233 448 3297 fiducia
472 3234 690 3297 vehementius
712 3233 853 3297 officium
878 3233 1048 3315 epistolare
1082 3232 1254 3296 desideras.

117 3318 217 3400 Cujus
240 3321 284 3398 rei
308 3319 476 3383 testandae
499 3320 612 3400 gratia,
637 3324 791 3399 tanquam
815 3319 977 3382 oblivione
1006 3319 1255 3383 necessitudinis

117 3409 246 3469 nostrae
277 3426 429 3486 meaeque
458 3406 489 3467 in
519 3411 551 3467 te
576 3404 816 3468 benevolentiae
847 3410 981 3482 taceam,
1005 3405 1133 3485 saepius
1157 3405 1257 3467 inter-

116 3490 224 3571 pellas,
250 3495 283 3553 et
305 3491 451 3571 quamvis
467 3495 610 3553 amanter
633 3497 666 3553 et
688 3490 813 3553 lenibus
839 3491 952 3566 verbis,
972 3494 1078 3553 tamen
1095 3511 1146 3552 me
1163 3489 1255 3572 quasi

115 3581 291 3639 cessantem
316 3583 412 3657 atque
434 3575 832 3656 indiligentemobjurgas.
876 3575 989 3638 Annon
1007 3574 1105 3649 vides,
1122 3574 1256 3655 quantis

116 3661 218 3725 simus
241 3661 410 3725 itineribus
436 3661 574 3738 discreti,
598 3682 695 3741 qnam
718 3661 760 3723 sit
784 3659 907 3723 lubrica
939 3660 1017 3723 tides
1047 3681 1165 3738 corum,
1199 3660 1256 3740 qui

116 3748 202 3811 inter
225 3768 284 3810 nos
307 3746 499 3822 discurrunt,
521 3752 676 3828 quantum
694 3745 878 3809 subolescat
894 3745 1024 3827 periculi
1041 3749 1074 3808 et
1090 3745 1255 3808 molestiae

119 3854 160 3896 ex
183 3832 283 3895 literis
307 3832 402 3913 paulo
425 3832 555 3896 liberius
579 3832 729 3908 exaratis,
755 3837 791 3894 ut
806 3832 992 3913 peritissimi
1009 3829 1254 3912 pythagoricum

119 3917 281 3981 silentium
306 3917 500 3989 custodiant,
525 3923 561 3981 ut
584 3916 694 3980 diserti
717 3917 757 3979 ad
781 3916 961 3993 infantiam,
990 3915 1088 3979 fortes
1115 3922 1147 3979 et
1176 3915 1253 3979 boni

115 4003 177 4065 viri
209 4004 249 4067 ad
283 4002 435 4066 desidiam
471 4025 509 4066 ac
541 4003 746 4066 solitudinem
780 4001 1004 4066 revertantur?
1058 4003 1120 4064 nur
1154 4001 1255 4082 igitur

116 4088 224 4151 mirari
256 4089 374 4165 desine,
409 4111 463 4152 cnr
493 4088 623 4162 abditus
646 4089 677 4151 in
703 4088 899 4152 bibliotheca
931 4088 1165 4169 conquiescam,
1196 4090 1256 4150 aut

118 4173 322 4237 tabellarium
357 4196 433 4255 para
467 4175 697 4249 fidelissimum,
728 4176 778 4237 cui
807 4178 878 4238 tuto
906 4178 937 4238 et
960 4179 1052 4255 grata
1075 4178 1107 4235 et
1129 4176 1253 4253 optata,

115 4259 250 4324 adversa
269 4264 301 4322 et
317 4260 440 4336 acerba,
458 4260 600 4341 jucunda
616 4266 648 4323 et
664 4259 780 4336 fausta,
798 4260 935 4324 breviter
951 4260 1058 4323 omnia
1075 4259 1251 4322 credamus.

185 4459 199 4486 8
1074 4469 1076 4474 ,

188 4516 196 4545 ¹
213 4461 281 4568 liiii
298 4513 339 4565 Br.
396 4515 405 4545 ²
423 4514 476 4566 Iler·
495 4513 612 4566 Erfurtcr
631 4514 793 4566 l'rolrurator.
813 4512 855 4564 Br.
875 4513 934 4564 lot.
995 4513 1005 4541 ³
1024 4509 1267 4562 liiiclicurneistrsr.

113 4580 145 4634 S.
163 4580 215 4634 206
232 4583 265 4635 A.
285 4581 307 4635 2.
346 4570 420 4634 Uber
443 4582 485 4634 die
510 4581 766 4652 lteclrnungsablage
789 4579 899 4635 Sobilos
919 4596 956 4634 au
973 4579 1077 4632 llr‘oau
1095 4576 1160 4627 unu
1175 4571 1286 4636 meabi-
1380 4604 1386 4617 κ

117 4664 196 4703 mann
216 4649 267 4717 vgl.
288 4649 331 4704 Br.
353 4650 410 4704 408.
486 4650 643 4722 *Pyrrhus
663 4653 786 4708 Fului-ter
803 4651 914 4707 Scriba.
946 4649 980 4704 S.
994 4647 1055 4701 ‘no
1076 4648 1109 4697 a.
1123 4644 1156 4693 Χ.
