2774 4966
351 640 457 693 Mutian
477 656 511 693 au
532 641 690 709 Campegus.
727 642 833 696 Mutian
852 659 885 695 an
906 641 1005 698 Urban.
1179 646 1243 710 487

108 813 359 962 ffiilllllllicum'
385 814 448 877 imo
473 836 545 878 vero
569 817 797 881 amicissimum
820 816 959 898 putabis.
1006 817 1055 880 Vl.
1079 816 1145 881 Cal.
1170 816 1239 881 Oct.

213 984 300 1048 Tuus
339 989 389 1048 est
424 979 599 1060 Mutianus,
638 985 728 1067 cujus
765 986 910 1049 officium
948 987 1037 1051 salva
1074 989 1245 1052 securitate

109 1091 273 1151 nunqnam
304 1069 363 1133 tibi
394 1069 502 1133 deerit.
549 1071 606 1134 Est
634 1072 716 1135 enim
749 1093 845 1155 opera
878 1076 910 1135 et
933 1071 1094 1138 industria
1129 1077 1247 1153 nostra,

111 1157 159 1219 nti
183 1156 278 1231 nosti,
302 1156 484 1218 amicorum.

263 1257 324 1310 eoo.
343 1256 410 1309 Frcl.
431 1257 491 1310 399.

113 1444 228 1511 (Gotha.)
638 1432 710 1494 419.
1017 1449 1058 1499 26.
1080 1448 1150 1513 Sept.
1174 1448 1246 1502 1514.

485 1554 630 1626 Mutian
654 1576 703 1626 an
726 1554 867 1627 Urban.

114 1681 215 1746 lBa'ttet,
238 1680 286 1732 den
309 1681 358 1733 Ad.
377 1682 492 1735 Publius
513 1685 658 1752 pependere
677 1684 817 1750 Slr'esoater
840 1702 876 1737 cn
899 1683 1031 1746 auleatum,
1058 1684 1104 1736 der
1126 1683 1175 1735 r'lm
1199 1700 1248 1736 am

113 1750 174 1802 aeia
192 1749 260 1802 moe
278 1749 387 1818 brr'npen
410 1752 472 1814 will,
496 1754 553 1805 aad
572 1753 857 1882 ggrgltffieiggljlessm
885 1753 976 1805 Olrcim
1000 1752 1069 1804 noct
1098 1751 1247 1820 Wrtmtrrrp

140 1930 330 1983 suavissimo
347 1936 454 1983 nostro
472 1934 611 1994 Urbano,
628 1936 829 1995 philosophia
846 1939 879 1985 et
896 1934 1071 1985 sacerdotio
1089 1933 1214 1994 insigni,

167 2029 333 2068 oeconomo
351 2019 385 2068 in
403 2019 528 2069 saecula
546 2021 741 2071 saeculorum
759 2020 873 2071 Amen¹
891 2021 1054 2070 Mutianue
1070 2017 1183 2069 Rufus.

212 2125 244 2191 S.
291 2128 435 2193 Salutavi
468 2129 688 2213 Campegum,²
719 2131 773 2195 sed
800 2152 862 2194 non
886 2131 926 2193 ab
952 2153 992 2193 re.
1038 2128 1118 2192 Nam
1150 2130 1242 2212 jussi,

109 2216 145 2276 ut
168 2215 269 2277 nostri
294 2215 407 2278 Adami
436 2214 557 2279 Publii³
586 2216 693 2280 literas
717 2242 735 2280 a
758 2239 807 2280 me
840 2216 977 2280 dictatas
1011 2221 1125 2299 patruo
1159 2215 1244 2280 illius

109 2298 256 2363 redderet
278 2305 311 2364 et
333 2302 511 2365 remitteret
532 2303 740 2385 responsales
786 2302 896 2366 Bonus
919 2302 1060 2385 ephebus
1077 2300 1244 2364 fraudatur

109 2384 286 2449 hereditate
324 2393 456 2468 paterna
494 2393 566 2451 astu
604 2389 725 2466 matris,
764 2387 836 2452 dolo
870 2388 984 2452 vitrici.
1041 2384 1122 2450 Nam
1158 2386 1245 2451 bona

109 2469 223 2534 Adami
246 2480 279 2535 et
302 2471 409 2537 fratris
433 2473 617 2538 deducenda
640 2480 732 2538 erant
748 2479 780 2537 et
795 2474 978 2558 seponenda
994 2476 1069 2536 ante
1085 2472 1241 2537 secundas

108 2557 248 2639 nuptias.
295 2557 408 2640 Itaque
430 2567 465 2623 tu
490 2580 627 2641 quoque,
652 2581 734 2641 quae
757 2564 813 2624 tua
836 2559 1005 2642 prudentia
1028 2562 1077 2622 est
1099 2562 1132 2621 et.
1153 2558 1242 2635 fides,

109 2642 269 2720 voluntas,
292 2642 486 2724 hnmanitas,
512 2646 744 2725 benevolentia,
766 2645 931 2710 consulere
960 2644 1097 2709 fortunis
1128 2643 1241 2707 Adami

107 2728 204 2792 debes
228 2737 259 2793 et
283 2729 342 2793 hcc
374 2732 466 2795 modo
496 2733 595 2794 tutari
627 2732 798 2795 facultates
834 2731 1051 2795 hereditarias.
1100 2729 1240 2793 Primum

107 2815 153 2878 sic
184 2813 357 2898 Campego:
396 2817 505 2897 „Nosti
531 2823 563 2879 ot
586 2823 664 2899 puto
689 2818 798 2881 vidisti
823 2819 854 2881 in
879 2817 1011 2879 aedibus
1045 2836 1133 2879 meae
1171 2837 1241 2896 pro-

106 2901 281 2964 curationis
306 2903 461 2966 Adumum
483 2902 643 2978 Publium,
660 2926 753 2985 quem
773 2926 831 2985 ego
848 2903 993 2967 Mutiauo
1011 2907 1123 2983 utpote
1142 2903 1241 2982 probo

106 2986 239 3068 probum
275 2990 503 3052 commendavi.
550 2989 580 3052 ls
615 2989 712 3053 habet
747 2989 908 3072 llerbipoli
943 2993 1100 3071 patruum,
1130 3010 1149 3050 a
1179 3009 1241 3068 quo

106 3073 273 3135 consilium
306 3075 394 3153 petit.
442 3074 540 3138 Effice
562 3080 608 3152 tu,
633 3080 668 3139 ut
692 3080 824 3158 patruus
848 3075 957 3157 nepoti
981 3073 1181 3157 respondeat,
1210 3079 1242 3137 et

108 3157 216 3221 literas
252 3159 336 3221 illius
366 3161 404 3222 ad
435 3183 483 3223 me
512 3159 633 3223 mitte.“
659 3160 801 3224 'Deinde
828 3162 867 3223 ad
897 3164 1043 3241 patruum
1080 3158 1242 3222 teutonice

107 3242 239 3316 scribae,
263 3245 295 3306 in
319 3266 452 3318 summa,
481 3252 529 3306 loa
555 3265 581 3304 rt
605 3248 685 3323 hatte
707 3251 757 3307 rut
782 3247 964 3324 restaurem
988 3245 1083 3320 §itam
1107 3249 1157 3304 aab
1182 3246 1243 3305 erin

108 3333 204 3388 btalrr
226 3350 277 3390 ron
299 3334 346 3389 atr
371 3341 469 3391 matttt
492 3336 542 3392 nul
566 3336 623 3390 nrm
652 3333 798 3409 rtirtlrnttr
829 3335 989 3406 utparoltrt
1020 3335 1131 3396 orthru,
1159 3331 1243 3388 boarit

107 3415 130 3473 ir
155 3416 218 3487 pin
242 3416 283 3474 nit
306 3417 453 3488 umbbrodrt
476 3421 527 3475 rub
552 3416 607 3492 ortt
628 3417 669 3475 uit
694 3423 775 3477 auctr
798 3418 901 3482 hinbrt.
925 3417 967 3474 bit
991 3415 1144 3492 etitbrubtr,
1161 3432 1242 3488 prprn

106 3504 156 3557 ent
183 3518 215 3558 nn
239 3503 307 3574 ndu
337 3511 439 3573 ormont
468 3506 552 3561 mult
584 3512 631 3562 nt.
678 3503 726 3564 lta
757 3501 863 3574 facito,
895 3506 931 3563 ut
962 3501 1013 3562 via
1044 3506 1171 3580 paretur
1202 3499 1242 3562 ud

106 3582 251 3647 tutelam.
296 3584 377 3648 Nam
414 3609 484 3649 rere
519 3588 673 3667 proxime,
708 3588 771 3650 imo
801 3588 832 3648 in
862 3585 1106 3667 quadragesima
1139 3585 1244 3648 adibit

106 3689 179 3731 eum
212 3669 355 3733 Adamus
390 3676 425 3735 ut
460 3676 630 3752 cognatum
669 3673 836 3753 optimum.
893 3671 983 3735 Tunc
1020 3669 1147 3733 favente
1182 3669 1241 3734 (leo

11 3755 16 3768 “
107 3753 360 3835 Eugelmannus⁴
374 3761 406 3819 et
419 3759 515 3820 ceteri
531 3757 672 3821 fautores
688 3758 812 3820 dabunt
827 3757 935 3834 literas
949 3756 1239 3820 commendaticias.

107 3839 176 3902 Nisi
211 3842 294 3903 enim
328 3848 438 3918 mater,
472 3843 636 3906 luxuriosa
667 3842 794 3918 femina,
833 3843 943 3924 primis
982 3842 1056 3904 liliis
1095 3845 1242 3904 materna

107 3926 228 4006 pietate
250 3929 457 4009 prospexerit,
483 3930 667 4008 irascomnr3
692 3930 835 4010 asperius
858 3948 989 4010 agemus
1013 3933 1045 3990 et
1067 3928 1108 3990 ab
1133 3928 1239 3989 eadem

107 4016 172 4073 tam
208 4033 241 4074 re
276 4034 370 4092 quam
407 4014 512 4078 verbis
549 4016 665 4079 erimus
700 4014 805 4078 alieni.
851 4014 935 4079 Vale.
983 4012 1030 4075 Vl.
1068 4013 1133 4076 Cal.
1170 4012 1240 4076 Oet.

108 4094 268 4160 MDXIHI.

263 4197 323 4252 cm.
343 4197 409 4250 Fer.
432 4202 488 4252 113.

178 4437 185 4466 ¹
206 4434 241 4489 M.
261 4435 341 4487 hona·
362 4454 412 4488 rou
432 4455 525 4490 neuen}
544 4438 613 4490 baim
632 4439 701 4490 Amo
720 4437 761 4490 (lio
781 4440 881 4490 feruere
897 4437 1069 4503 Bruttitiguug
1083 4435 1187 4489 tir-lans
1200 4433 1240 4486 uls

106 4501 252 4556 Verwalter·
270 4504 317 4557 des
336 4506 541 4571 Goorgenthaler
561 4507 640 4558 lloses
659 4507 684 4558 in
703 4507 791 4559 Erturt
809 4507 1025 4558 ‹lurchzusetzen
1055 4504 1112 4571 l'pl.
1124 4502 1168 4555 Br.
1180 4502 1239 4555 410.

143 4571 229 4639 ²Vgl.
255 4589 276 4645 a.
303 4590 356 4625 ror.
383 4574 425 4625 Br.
497 4575 639 4628 ³,llutiaus
666 4576 770 4628 Ilioner.
807 4574 866 4642 Vgl.
893 4574 935 4628 ΒΓ.
954 4573 1013 4628 ltu.
1086 4571 1240 4624 ‘lincheo-

107 4640 223 4694 moister.
260 4642 285 4694 S.
305 4642 355 4695 2015
374 4645 404 4695 Λ.
425 4644 447 4695 2.
