2774 4966
416 39 1385 260 -

474 100 481 119 .

136 605 200 675 558
557 601 646 657 Briste
664 602 711 658 des
729 603 754 659 J.
775 604 850 660 1515.

143 781 300 861 spretores
322 776 515 839 testamenti.
561 774 709 839 Dedisset
730 773 907 839 Maternus¹
941 776 991 840 vel
1022 773 1171 841 Deustet¹
1205 776 1276 842 XX.

137 863 229 927 Nune
252 864 312 925 iste
336 861 562 925 Northusensis
585 882 677 924 carus
700 860 835 923 Vuolseo
866 861 994 925 vicariis
1018 862 1073 925 dat
1095 866 1127 926 et
1149 864 1278 943 merito,

138 949 211 1013 Tito
243 948 342 1011 Mario
366 947 420 1010 dat
444 952 476 1010 et
497 947 665 1023 immerito,
689 945 767 1008 mihi
790 946 870 1009 nihil
893 947 950 1010 dat
972 953 1003 1011 et
1025 948 1170 1030 turpiter.
1212 948 1277 1013 Sed

144 1037 208 1099 urit
230 1056 280 1098 me
303 1033 407 1096 aerius
429 1031 550 1095 violata
572 1032 679 1094 fratris
708 1028 883 1096 voluntas⁸
927 1032 1005 1096 Eam
1029 1034 1056 1096 si
1080 1033 1157 1097 boui
1180 1036 1278 1099 amici

143 1121 312 1194 curabunt,
335 1117 507 1182 obliviscar
529 1118 629 1179 totius
653 1118 769 1180 damni.
816 1116 967 1181 Eobanus
995 1119 1111 1182 dicitur
1142 1117 1279 1184 feliciter

142 1207 263 1270 dooere.
321 1203 449 1268 Utinam
489 1201 679 1283 relinqueret
716 1202 828 1265 aleam.
884 1201 930 1265 Tu
969 1203 1078 1266 literas
1116 1204 1211 1269 mitte
1243 1211 1279 1268 et

144 1292 273 1356 calicem
297 1289 438 1353 ostende.
485 1285 598 1350 Cetera
613 1288 730 1350 sororis
746 1286 830 1350 tilius
846 1286 1056 1369 Nepotianus.
1096 1287 1182 1354 Rene
1198 1290 1278 1354 vale.-

141 1378 190 1442 Ad
213 1375 385 1440 solstitium
409 1371 535 1437 MDXV.

294 1475 354 1529 Cod.
374 1470 518 1525 1101486.

143 1611 259 1682 (Gotha.)
672 1592 745 1654 494.
1053 1608 1097 1663 26.
1114 1608 1179 1662 Juui
1199 1610 1276 1664 1515.

519 1707 664 1777 Mutian
686 1727 736 1777 en
759 1708 897 1777 Uiben.

141 1831 243 1900 (Daret
263 1829 296 1882 H.
316 1827 463 1880 Eberbaeba
483 1826 669 1894 Sorplosiqlreit
687 1827 724 1879 ist
741 1827 916 1894 Petrejnsuni
928 1828 978 1879 dus
990 1828 1279 1895 verhoffteKanom'kut

139 1901 297 1969 qelcommen,
316 1898 365 1949 das
385 1895 497 1947 Thomas
516 1895 661 1961 lodoun‘pt.
680 1896 777 1948 Pastor
793 1913 846 1948 aon
863 1895 1031 1959 Modislrhm,
1050 1896 1199 1950 betommm
1222 1898 1278 1950 aar.

141 1969 179 2022 M.
202 1968 324 2034 furerent,
351 1964 471 2016 Natant
495 1964 595 2016 mdelrte
619 1963 703 2016 daret
725 1964 775 2015 den
796 1965 1020 2031 Reelrtsqelebrten
1043 1964 1128 2018 Burn's
1151 1965 1182 2018 in
1206 1966 1279 2018 Item

142 2037 260 2103 Petrejns
295 2031 539 2100 onyeqenaroenez..
586 2031 717 2084 Emeum
745 2032 807 2093 Rot,
838 2032 1006 2100 Nepotianus
1040 2033 1110 2086 nunt
1138 2033 1211 2087 Rom
1240 2050 1280 2087 nu

353 2100 489 2161 solantem
508 2099 578 2152 uon
596 2100 645 2152 <len
669 2100 852 2153 Gotisolnnied
869 2100 1059 2168 nnnutreibmn)

171 2210 319 2269 spectate
338 2208 405 2256 viro
423 2207 464 2256 Η.
482 2206 621 2264 Urbano,
637 2207 786 2267 magistro
805 2206 982 2256 liberalium
1000 2206 1248 2266 disciplinarum,

451 2290 549 2340 amieo
568 2291 750 2341 suavissimo
769 2288 824 2357 (Μ.
842 2288 965 2358 Rufus).

247 2402 279 2466 S.
326 2400 495 2483 Casperius
521 2399 716 2479 Ambrecht,'
739 2407 925 2485 procurator
955 2401 1119 2484 eujusdam
1151 2400 1278 2467 Nicolai

144 2489 301 2564 Krauwel‚
334 2487 500 2550 transtulit
531 2489 763 2565 canonicatum,
795 2511 887 2568 quem
919 2489 1062 2570 Petrejus
1086 2493 1193 2551 noster
1215 2489 1278 2551 im-

145 2580 287 2657 petrasse
309 2573 484 2648 dicebatur,
508 2573 538 2635 in
564 2572 717 2637 Thomam
748 2573 924 2655 Lodovigk,
960 2581 1119 2656 pastorem
1153 2574 1279 2655 pecoris

145 2658 374 2723 Mollislebiui.⁵
418 2658 449 2720 Is
473 2658 565 2721 hodie
593 2660 824 2740 possessionem
856 2662 997 2741 agnovit.
1042 2659 1155 2740 ltaque
1184 2680 1276 2722 suam

145 2746 206 2810 sibi
242 2744 468 2825 negligentiam
504 2743 539 2805 D.
574 2742 744 2807 Henricus⁸
778 2746 913 2825 imputet
935 2768 954 2807 a
982 2767 1032 2807 me
1062 2744 1188 2826 saepius
1219 2744 1279 2806 ed-

149 2832 298 2906 mundus,
323 2852 362 2892 ne
385 2829 417 2890 in
442 2828 548 2892 fratris
571 2831 699 2908 negotio
724 2830 917 2893 dormitaret.
964 2829 1076 2892 botius
1099 2835 1132 2893 et
1153 2827 1277 2892 Morus²

147 2915 298 2979 favebant
322 2915 392 2978 istis
416 2913 638 2988 nebulonibus,
670 2915 751 2977 olam
781 2915 901 2979 scilicet
933 2916 1052 2978 nostris
1086 2915 1277 2979 invidentes

147 3001 324 3065 Audierant
346 3000 429 3063 enim
454 3003 486 3061 et
509 2998 592 3062 fama
615 2998 690 3063 fuit⁸
713 3000 872 3082 Petrejum
895 3001 1083 3064 obtinuisse.
1128 2998 1280 3063 Fortasse

149 3086 327 3169 poenitebit
349 3105 403 3147 eos
426 3082 521 3165 hujus
544 3084 700 3163 vafrities,
732 3086 824 3149 modo
856 3086 919 3149 sibi
950 3107 1013 3150 uon
1043 3084 1125 3147 desit
1155 3085 1279 3148 amicus

145 3172 178 3235 in
196 3172 283 3235 curia
298 3170 452 3233 Romana.
498 3169 696 3250 Quamquam
717 3170 908 3234 Nitlmrdus⁹
930 3172 1006 3234 Buri
1029 3168 1116 3234 suo'⁰
1140 3170 1280 3233 maxima

146 3257 264 3333 studet,
300 3255 408 3337 procul
443 3255 540 3318 dubio
573 3256 697 3318 alienus
720 3278 739 3318 a
761 3257 855 3319 nobis
878 3261 910 3318 et
940 3256 1084 3320 Lotianis
1119 3255 1278 3333 addictus,

147 3342 232 3424 quod
256 3343 288 3404 in
312 3341 380 3404 dies
403 3341 505 3420 magis
528 3347 561 3403 et
582 3343 684 3421 magis
706 3344 859 3422 experior.
905 3341 1044 3405 Primum
1063 3341 1137 3422 quia
1152 3341 1280 3404 consilii

148 3427 233 3492 illius
256 3427 317 3490 luit.
338 3433 519 3508 permutare
541 3427 764 3490 canonicatum
787 3432 819 3490 et
842 3429 1000 3491 intrusum
1023 3431 1060 3490 ut
1083 3430 1198 3490 vocant
1220 3426 1280 3490 ob·

144 3513 241 3596 jicere
273 3511 407 3592 Petrejo,
443 3511 555 3574 deinde
590 3512 674 3592 quod
707 3515 834 3575 tautum
857 3535 876 3576 a
899 3518 931 3576 te
953 3513 1085 3594 accepit,
1119 3517 1277 3592 quantum

147 3620 203 3680 pro
226 3598 312 3663 mille
335 3597 473 3677 negotiis
495 3595 686 3661 Matthaeo'¹
712 3598 799 3661 dedit
825 3599 933 3662 viatici
954 3597 1059 3662 titulo.
1105 3597 1176 3661 Non
1191 3597 1279 3664 euim

148 3684 288 3766 diploma
319 3682 422 3746 solum
447 3683 543 3758 venit,
568 3682 621 3745 sed
647 3704 716 3745 cum
742 3704 778 3746 eo
802 3684 902 3747 multa
924 3684 987 3747 alia
1010 3682 1191 3763 conjuncta,
1222 3683 1278 3746 sed

150 3770 180 3831 id
205 3790 263 3850 ego
287 3790 349 3831 non
374 3789 458 3831 curo.
505 3766 608 3848 Magis
631 3769 738 3845 timeo,
763 3791 801 3831 ne
824 3769 943 3832 Romae
966 3769 1058 3831 Buris
1075 3768 1126 3831 ille
1141 3788 1280 3847 maguus

148 3855 260 3930 rabula
283 3854 436 3935 impediat
467 3853 603 3916 amicum
635 3861 776 3916 nostrum
810 3855 938 3933 hortatu
968 3853 1125 3917 Nitbardi.
1170 3853 1280 3933 Nuper

218 3993 225 4021 ¹
244 3988 269 4043 S.
289 3990 340 4041 336
359 3991 389 4042 A.
410 3990 432 4039 7.
494 3987 504 4019 ²
523 3985 666 4038 Viulleioht
684 3985 758 4037 Wolf
774 4003 823 4037 von
842 3987 973 4050 Tonstodt,
992 3987 1041 4038 mit
1058 3986 1157 4038 seinem
1176 3983 1282 4038 Bruder

147 4059 232 4125 Georg
250 4059 363 4110 immoti.
383 4058 433 4109 Eri.
453 4055 532 4107 blicb.
554 4056 627 4107 1499.
664 4054 722 4121 Vgl.
744 4055 877 4112 Krause,
895 4055 924 4108 E.
945 4056 1020 4107 lloss.
1039 4054 1059 4108 l.
1078 4055 1136 4107 246.
1197 4055 1208 4084 ³
1225 4053 1281 4106 Des

146 4127 286 4191 Testatos,
305 4127 351 4177 des
370 4125 392 4176 K
398 4124 612 4186 uehementem,
631 4124 678 4174 dei·
695 4124 737 4175 dio
756 4122 918 4175 Seotmessen
932 4124 974 4176 fiir
986 4123 1042 4175 sich
1056 4123 1109 4175 und
1122 4122 1164 4174 die
1183 4121 1281 4175 beiden

147 4196 245 4247 audem
264 4195 366 4247 Briidoi·
385 4194 434 4245 deu
455 4192 568 4243 Vikamn
588 4192 716 4257 aulerlugt
733 4191 813 4243 hatte.
851 4191 908 4259 l'gl.
928 4192 970 4246 Br.
990 4192 1048 4245 226.
1111 4189 1216 4242 ⁴Naoh
1235 4190 1279 4244 ΒΓ.

146 4264 194 4316 501
216 4264 264 4314 mit
282 4263 402 4314 Itosbach
422 4261 505 4313 durch
517 4259 608 4311 Intius
627 4260 785 4312 Prokurator
803 4261 947 4326 gononteu.
983 4260 1109 4327 Jasperus
1121 4257 1282 4311 Armbreobt

147 4331 455 4391 deuinbeek,1111matr.
475 4328 526 4379 Eri.
546 4328 601 4379 Ost.
623 4328 696 4380 meo.
733 4327 1006 4381 Weissenbornl
1034 4330 1091 4380 425.
1123 4327 1280 4380 Baeculam.

149 4400 222 4452 1491.
294 4399 433 4451 t'ihomas
451 4396 579 4449 ludovici
597 4395 636 4448 als
654 4397 769 4448 (lotham
786 4397 939 4449 Kanonikus
958 4414 979 4450 z.
998 4369 1022 4449 l.
1043 4395 1109 4449 1522
1127 4395 1283 4463 autgefiihrt

146 4483 198 4519 von
216 4467 374 4535 Sagittae.
394 4467 460 4519 Hist,
482 4465 559 4517 Goth.
578 4465 618 4516 ed.
637 4464 712 4516 Teon.
733 4481 757 4530 p.
776 4467 817 4517 51.
888 4465 949 4518 θΗ.
978 4464 1122 4529 biberbach,
1149 4462 1281 4530 Petrejus'

220 4550 250 4591 P’n
287 4534 477 4592 353112.
539 4532 737 4587 ⁷S.38A.4.
792 4532 1008 4587 ⁸S.449A.3.
1061 4531 1280 4586 ⁹S.268A.3.

252 4608 305 4663 495
325 4613 358 4663 Aa
378 4610 405 4663 5.
482 4609 501 4639 ¹¹
521 4603 644 4661 Gummi.
677 4604 706 4659 S.
723 4603 778 4657 ssu
798 4605 828 4656 tx.
843 4601 873 4654 ⁴2.
