2774 4966
407 29 1343 307 -

583 118 590 137 .

139 618 204 687 350
556 618 644 674 Briete
662 615 709 673 des
726 618 751 675 J.
772 620 845 676 1518.

138 798 204 858 tam
234 792 315 857 bene
347 815 416 858 cum
447 795 541 858 rebus
571 793 720 859 humanis
747 798 854 859 actum
884 799 942 873 est,
975 800 1012 861 ut
1034 818 1098 862 non
1120 796 1259 863 deterior

138 902 211 964 pars
234 880 375 943 vinceret
396 881 565 955 meliorem,
588 882 653 944 sive
669 881 764 945 ludus
777 883 837 944 iste
852 881 895 945 sit
910 883 1176 949 cacodaemonum
1192 883 1259 949 sive

139 965 269 1048 perfidia
293 965 511 1031 fanaticorum.
557 965 652 1030 Plura
679 989 753 1050 prae
775 988 915 1031 moerore
942 991 1006 1032 non
1029 991 1156 1052 possum
1180 970 1258 1033 scri·

140 1054 221 1116 bere.
267 1051 307 1115 Et
329 1052 443 1117 Crotus
466 1075 553 1117 niens
576 1053 780 1117 excandescit
808 1053 1009 1118 vehementer
1030 1056 1071 1119 ob
1095 1057 1258 1137 iniquissi-

138 1161 223 1203 mum
244 1138 407 1220 judicium,
433 1161 495 1219 qno
518 1139 565 1201 vir
590 1139 693 1202 bonus
715 1147 746 1202 et
762 1140 874 1203 doctus
897 1141 1063 1205 crudeliter
1085 1147 1118 1206 et
1140 1142 1258 1205 nefarie

138 1226 370 1288 circumventus
394 1229 449 1289 est.
495 1224 670 1306 Jugulandi
686 1226 791 1307 potius
813 1232 919 1289 essent
934 1227 1144 1309 theologistae
1160 1228 1258 1293 crassi

137 1310 229 1375 obliti
253 1310 407 1374 barbaria.
453 1310 514 1374 Sed
538 1318 637 1388 icccc,
661 1333 701 1373 ne
716 1310 823 1374 videar
845 1312 967 1376 irritare
982 1314 1061 1379 velle
1077 1314 1255 1379 crabrones.

138 1397 229 1474 Quod
252 1396 290 1459 ad
313 1395 387 1459 Jani
421 1419 485 1459 rem
508 1398 633 1474 attinet,
662 1418 751 1459 cures
773 1397 875 1474 veliin,
903 1405 938 1461 ut
962 1399 1099 1463 cisiario¹
1123 1400 1174 1464 vel
1196 1400 1257 1463 sal-

136 1488 202 1547 tem
226 1482 424 1547 carbonari0²
448 1485 560 1546 cistam
582 1483 630 1546 tui
654 1483 790 1557 tradant,
821 1505 1012 1567 quamquam
1043 1483 1255 1567 Nepotianus'

137 1570 228 1644 desit,
252 1575 434 1650 procurator
458 1569 568 1632 talium
591 1569 789 1649 negotiorum
814 1569 1014 1633 lectissimus.
1058 1571 1139 1648 Quid
1157 1570 1255 1636 habes

136 1655 174 1718 de
197 1654 389 1735 Spalatino‘?
424 1656 507 1731 Quid
522 1660 567 1731 tu,
592 1654 669 1734 qnid
693 1654 790 1717 nostri
813 1657 935 1736 agunt?
970 1656 1003 1719 Si
1020 1657 1097 1738 quid
1113 1657 1255 1721 facturus

137 1763 170 1804 es
192 1762 241 1803 me
263 1745 401 1821 petente,
426 1742 457 1803 id
474 1760 591 1823 quaeso
614 1738 720 1818 facito,
742 1746 779 1803 ut
802 1741 878 1803 mihi
901 1764 995 1824 quam
1012 1742 1255 1824 diligentissime

135 1825 298 1890 rescribas.
343 1826 410 1908 Ego
442 1833 473 1890 te
500 1847 570 1890 amo
599 1831 631 1888 et
653 1826 734 1888 scias
762 1825 919 1908 Petrejum
943 1833 974 1891 et
996 1827 1255 1895 Herebordnma

135 1935 185 1978 me
207 1914 315 1976 amari.
361 1912 444 1976 Vale.

286 2011 347 2066 oon.
366 2011 432 2065 Frcf.
451 2012 508 2068 266.

133 2200 246 2270 (cona)
653 2186 723 2249 287.
1071 2202 1148 2271 (nug.
1168 2204 1253 2273 1513.)

504 2295 648 2366 Mutian
670 2315 718 2365 an
745 2294 881 2365 Urban.

133 2425 241 2491 (Orotan
258 2425 371 2478 colereter
396 2441 445 2477 con
463 2441 555 2477 ineman
580 2425 641 2478 iiber
657 2425 699 2477 eleb
722 2424 916 2493 lirrlammnnq
938 2423 1082 2476 Rrierlrlins
1104 2424 1188 2477 diocli
1204 2426 1253 2478 den

133 2494 237 2549 Kaisar.
269 2493 327 2546 Wte
343 2510 406 2561 tiraq
422 2494 466 2546 des
483 2493 594 2546 Ira-teas
619 2495 698 2546 ariri
717 2511 752 2545 nn
770 2494 887 2547 err-men
903 2493 982 2545 acin?
1016 2492 1144 2545 Rescidin
1165 2494 1200 2546 ist
1216 2512 1252 2547 aa

133 2563 213 2630 heftiq
234 2580 346 2632 yncesen
370 2562 428 2615 send
452 2561 498 2615 liat
515 2563 557 2615 dec
576 2563 726 2616 Arrl‘torilr'r't
750 2562 795 2614 der
816 2562 918 2617 Kirclre.
942 2562 984 2613 ilic
1000 2565 1080 2613 aeriter
1097 2562 1165 2614 allen
1190 2562 1252 2615 Um·

309 2631 420 2684 stn'ndcn
437 2631 478 2683 tei
493 2631 539 2684 der
556 2632 645 2699 Menqe
661 2632 796 2699 [estatelien
813 2648 896 2694 rnerss,
914 2631 1082 2696 aestumat.)

500 2745 541 2795 Η.
559 2745 686 2796 Urbano
703 2745 747 2795 Μ.
765 2743 875 2794 Euius.

239 2839 341 2905 Salus.
386 2838 437 2903 Dii
460 2839 545 2918 boni,
573 2840 635 2904 nisi
657 2861 766 2903 omnes
790 2844 894 2904 motus
924 2839 1069 2902 fortunae
1100 2837 1251 2902 mutatio·

132 2947 267 3007 nemque
289 2948 392 2989 rerum
415 2947 451 2988 ac
467 2926 566 2989 levem
584 2947 620 2988 ac
636 2925 823 2989 imbecillem
839 2925 1000 2990 hominum
1019 2924 1115 2987 vitam
1134 2945 1250 3005 magno

129 3016 236 3079 animo
266 3019 432 3093 erectoque
466 3012 704 3094 despiceremns,
739 3011 827 3075 nullo
856 3011 919 3074 fere
947 3011 996 3074 die
1019 3030 1160 3073 essemus
1182 3009 1250 3072 sine

127 3100 225 3183 justis
248 3099 391 3182 querelis,
420 3104 456 3161 ut
479 3120 550 3160 vere
573 3098 658 3161 dicat
686 3096 831 3161 Ovidius:
866 3097 925 3178 „in
947 3098 1018 3178 quis
1044 3115 1106 3158 non
1137 3116 1250 3159 causas

129 3186 216 3251 mille
238 3185 354 3249 doloris
384 3182 539 3247 babet?“⁴
582 3183 694 3264 ltaque
726 3183 867 3265 perbeati
899 3182 976 3245 milii
1009 3181 1108 3244 videri
1136 3180 1249 3256 solent,

130 3273 247 3357 quibus
269 3272 372 3335 aliena
395 3270 461 3333 vita
484 3269 636 3350 magistra
659 3273 715 3331 est..
761 3268 866 3351 Atque
883 3273 919 3331 nt
934 3291 952 3329 a
968 3269 1066 3349 stirpe
1090 3271 1251 3349 repetatur

130 3360 224 3442 hujus
247 3357 424 3421 sententiae
445 3357 629 3430 auctoritas,
658 3353 770 3417 scribit
792 3355 941 3417 Plautus:
968 3352 1133 3435 „Felicitas
1155 3353 1249 3434 sapit,

130 3448 185 3528 qui
210 3444 345 3527 periculo
376 3442 479 3505 alieno
508 3440 637 3522 sapit“;⁵
670 3440 791 3503 Plinius
815 3442 846 3502 in
870 3440 1028 3522 epistolis:
1068 3438 1248 3521 „Optimum

129 3530 208 3609 est“‚
226 3531 339 3612 inquit,
359 3552 417 3611 „ex
434 3528 565 3591 aliorum
583 3526 674 3590 malis
690 3526 891 3607 stultitiaque
908 3526 1101 3607 voluptatem
1119 3530 1151 3587 et¹
1166 3545 1251 3587 com-

127 3619 254 3682 niodnm
279 3613 434 3698 caper·e.“⁶
478 3613 594 3676 Notum
619 3618 668 3675 est
695 3633 838 3674 carmen:
869 3612 987 3694 „Fene
1010 3632 1102 3691 quern
1126 3610 1249 3673 faciunt

127 3704 231 3767 aliena
253 3703 390 3785 pericula
412 3697 586 3764 cautum.“'
631 3698 796 3761 Lucretius
811 3699 870 3760 ait:
898 3698 1019 3777 „Sunve
1037 3696 1113 3758 mari
1131 3716 1247 3776 magno

127 3789 334 3855 turbantibus
356 3808 493 3868 aequora
508 3786 621 3863 ventis,
643 3784 768 3847 Eterra
790 3805 938 3865 magnum
962 3782 1091 3846 alterius
1107 3790 1249 3862 spectare

128 3872 312 3940 laborem.“⁸
358 3872 480 3946 Cretae,
506 3872 551 3934 vir
575 3892 645 3934 curn
669 3870 777 3950 primis
800 3871 950 3943 eruditus,
978 3890 1033 3950 pro
1056 3889 1113 3930 sno
1143 3869 1175 3930 in
1199 3890 1249 3931 me

129 3963 235 4027 studio
259 3963 370 4023 iterum
395 3961 433 4022 tle
456 3958 684 4041 proscriptione
711 3955 844 4018 Joannis
869 3954 1021 4016 lleiiclilin
1056 3954 1247 4016 mentionem

199 4116 206 4147 ¹
226 4111 541 4179 liutsclis.›11wngvribauer.
571 4107 712 4159 Vielloirlit
729 4106 833 4159 cisiario
852 4105 1057 4157 liistenrnnclier:
1086 4104 1159 4156 llocli
1178 4105 1250 4156 stelit

130 4183 245 4235 deutlich
264 4182 376 4234 cisiario.
439 4183 448 4211 ²
467 4177 680 4230 linlilinlnnnncr
697 4177 760 4228 «nter
776 4174 994 4227 linlilcnbi'indlcr.
1023 4173 1248 4225 l'nrcrstr'indlicli.

134 4244 204 4304 liber
220 4252 303 4303 larius
320 4254 345 4301 S.
365 4252 414 4302 ‘250
436 4253 464 4300 Α,
486 4251 506 4299 1.
544 4247 675 4298 “brimus
695 4245 776 4297 Nullo.
795 4246 820 4297 S.
833 4245 882 4296 292
900 4248 930 4296 A.
942 4245 964 4294 ῖ.
1002 4245 1011 4273 ⁴
1031 4242 1101 4295 lieni.
1121 4257 1172 4294 nin.
1191 4242 1242 4294 5352

162 4319 296 4373 eliaam.
317 4319 361 4372 ll'.
381 4324 405 4371 n.
417 4322 459 4369 ln.
496 4319 506 4348 ⁰
526 4316 591 4367 l’lin.
613 4315 679 4367 llist.
699 4320 749 4365 nat.
768 4313 868 4374 xiiii,
887 4315 911 4376 Γ),
930 4314 971 4362 31:
992 4311 1183 4377 optimumque
1201 4318 1249 4373 est,

129 4390 158 4439 nt
177 4389 251 4453 irrigo
269 4390 366 4441 dixere.
385 4388 469 4438 aliena
490 4386 589 4437 insanin
607 4386 677 4437 tinia
713 4383 807 4434 llicscn
822 4382 973 4447 flnssprncli
993 4379 1160 4431 wrerlcrholte
1179 4380 1247 4432 nneli

128 4456 258 4509 Erannos
280 4458 394 4522 Adagien
423 4456 524 4507 l'linins
542 4456 588 4506 dci·
605 4454 719 4519 liingcrc
744 4454 768 4502 in
786 4451 874 4503 scincn
894 4450 1005 4503 liricl‘cn.
1029 4465 1068 4499 wo
1086 4464 1115 4499 cr·
1133 4464 1184 4499 ren
1203 4449 1250 4500 rlcr

125 4523 248 4577 Tlicrlmit
266 4528 312 4578 dcs
327 4525 444 4592 licgnlns
461 4525 568 4590 sniis-lit.
605 4523 677 4573 llecli
695 4522 775 4572 lindot
793 4520 850 4571 sicli
871 4520 956 4570 nuder
973 4518 1029 4569 ilios
1048 4516 1114 4568 noch
1132 4514 1249 4569 Matiane

125 4592 194 4644 citat
223 4596 248 4645 in
267 4611 362 4647 uirscm
381 4594 527 4659 Ausgnben.
617 4593 625 4623 ἲ
644 4589 886 4658 Sprichn'tinlieher
905 4587 977 4652 Veis,
1000 4585 1119 4637 woriibei·
1143 4601 1177 4636 an
1195 4585 1247 4653 rgl.

128 4660 230 4713 Erasini
248 4664 347 4733 ndugia
365 4670 390 4716 ct
409 4663 479 4716 aliar.
498 4661 565 4714 Han.
587 4660 661 4724 loir,
679 4676 703 4726 p.
721 4660 762 4711 40.
831 4658 897 4708 ⁸llo
915 4672 961 4709 ror.
981 4664 1033 4708 nat.
1051 4654 1085 4717 11,
1107 4656 1116 4704 l
1138 4670 1178 4720 sq.
