2774 4966
367 683 472 740 blutien
492 701 526 740 en
544 685 628 754 Lang.
665 680 828 739 Mosellanns
846 699 880 737 an
899 683 1014 738 llutian.
1190 685 1253 750 611

124 864 158 924 et
189 855 295 923 suavis
329 874 405 938 erga
438 856 508 938 pios
530 860 564 922 et
590 855 672 921 bene
705 854 856 919 eruditos.
902 853 984 930 Quid
1017 855 1112 934 eninr,
1138 850 1256 938 Lange,

126 945 316 1025 Hieronymo
341 941 543 1006 mirabilius?
586 941 763 1005 Murmurat
785 943 822 1004 ut
844 942 982 1004 rusticus
1012 940 1172 1020 Dalmata3
1200 942 1257 1006 sed

124 1036 192 1093 tum
227 1027 306 1092 mibi
340 1026 467 1090 videtur
501 1027 569 1109 ejus
601 1028 732 1107 scriptio
766 1026 904 1088 maxime
934 1026 1077 1106 jucunda
1103 1032 1135 1089 et
1158 1027 1256 1105 utilis,

124 1137 194 1179 curn
219 1115 320 1177 saevit
345 1113 501 1176 ferociter.
547 1111 686 1175 Tantum
707 1110 873 1192 jurgatrici
896 1111 1012 1188 tribuo,
1046 1111 1139 1175 modo
1162 1112 1257 1176 docta

124 1202 176 1278 sit,
211 1199 357 1262 orationi.
413 1196 645 1261 contenderem
679 1201 716 1259 ut
749 1216 871 1259 mecum
905 1217 985 1278 opus
1018 1216 1134 1259 novum
1170 1219 1256 1262 uom-

126 1285 312 1361 municeres,
343 1283 405 1346 nisi
428 1286 515 1345 certo
549 1283 659 1345 scirem
694 1280 798 1344 adhuc
828 1280 945 1343 fessum
978 1280 1142 1344 authorem
1178 1305 1256 1359 esse,

123 1371 280 1451 jactatum
316 1367 439 1431 scilicet
473 1373 505 1430 et
538 1368 620 1430 male
656 1370 829 1430 tractatum
864 1386 972 1428 eorum
1005 1367 1163 1443 menibus,
1202 1371 1256 1448 qui

125 1457 238 1529 lavere,
271 1455 327 1534 qui
362 1454 495 1517 vestime
525 1457 558 1515 et
589 1453 753 1515 cultiorem
788 1450 1032 1532 nitidioremque
1064 1450 1189 1530 fecere,¹
1220 1459 1258 1517 ut

125 1539 292 1603 amabilior
313 1543 418 1601 tecum
449 1537 618 1600 habitaret.
665 1536 760 1599 Redit
784 1533 941 1600 Alaatus.²
986 1535 1072 1599 Petit
1099 1536 1192 1613 idem,
1220 1544 1258 1601 ut

128 1625 191 1687 sibi
215 1625 393 1687 substituas
416 1623 585 1685 Lectiones
607 1623 758 1702 antiquas
779 1617 877 1683 illas.¹
920 1619 1024 1699 Nosti,
1051 1622 1128 1703 quid
1152 1623 1254 1686 velim.

127 1709 198 1773 Non
223 1710 342 1773 facient
364 1706 490 1771 Gotbae
511 1711 636 1770 tanturn
662 1727 791 1769 moram.
835 1704 1010 1769 Remittam
1036 1712 1111 1771 ante
1138 1706 1257 1772 Christi

127 1794 276 1858 natalem.
323 1792 408 1870 Vale,
431 1792 614 1856 doctissime
636 1795 669 1854 et
690 1790 918 1854 humanissime
940 1788 1057 1872 Lange.

870 1873 957 1940 Tuus
980 1875 1152 1941 blutianus.

281 1975 345 2030 Coll.
365 1975 467 2030 Camer.
486 1973 587 2028 Monac.
607 1972 679 2040 vm,
699 1972 739 2027 18.
758 1973 918 2042 Autogmph.

130 2163 245 2232 nerpng.
654 2145 727 2210 545.
1059 2160 1083 2214 9.
1102 2159 1161 2214 ran.
1182 2162 1256 2215 1517.

446 2271 690 2342 Mosellunus⁸
711 2291 761 2342 an
784 2270 939 2342 Mutian.

224 2401 289 2469 (Lob
305 2418 355 2454 vora
372 2400 496 2455 illrur‘une
513 2399 715 2466 dheuudsrhast
757 2388 941 2468 Ubersmrdrmp
958 2400 1002 2452 des
1020 2399 1163 2467 Basiliam.)

199 2513 419 2565 mrumtrssrmo
435 2514 528 2565 simul
546 2518 578 2565 et
595 2514 817 2565 humanissimo
834 2515 905 2565 vtro
923 2514 1067 2564 Matieno
1086 2513 1180 2564 Ruffo

419 2598 537 2658 lurtum
554 2598 685 2657 doctori,
703 2600 803 2650 amico
822 2597 962 2659 optimos

232 2707 347 2772 Salvus
370 2708 423 2786 sis,
447 2710 566 2792 optime
593 2708 745 2772 Mutiane.
791 2709 863 2773 Jam
888 2709 941 2773 diu
966 2729 1068 2790 neque
1099 2709 1166 2790 ipse
1197 2709 1257 2773 tibi

127 2794 240 2874 scripsi
274 2815 374 2874 neque
397 2815 416 2855 a
437 2799 471 2857 te
494 2794 656 2858 literarum
691 2795 812 2876 aliquid
847 2796 962 2877 accepi.
1009 2795 1144 2858 Causam
1180 2795 1257 2857 milri

128 2877 236 2941 videor
273 2880 499 2960 propemodum
539 2879 721 2961 conjectura
765 2880 926 2961 consequi,
971 2879 1118 2942 videlicet
1162 2881 1257 2960 quod,

129 2970 347 3044 praeterquam
372 2965 457 3045 quod
480 2965 577 3028 istinc
600 2987 619 3028 a
641 2968 673 3029 te
697 2965 751 3047 qui
783 2965 920 3047 perierat
947 2984 1037 3027 rarus
1067 2968 1126 3040 est,
1161 2966 1257 3027 etiarn

130 3048 185 3110 ubi
208 3053 361 3111 terrarum
379 3048 573 3113 Mosellenus
588 3056 674 3130 agat,
691 3070 753 3113 non
770 3051 901 3113 omnino
917 3050 1081 3129 cognitum
1098 3048 1256 3114 habueris.

127 3133 198 3214 lpse
221 3139 306 3197 certe
329 3135 384 3215 qui
401 3134 479 3197 mihi
495 3136 642 3198 conscius
657 3156 727 3197 sum
744 3136 940 3198 committere
956 3154 1119 3215 nunquam
1138 3140 1258 3215 potem,

129 3224 165 3281 ut
199 3217 335 3282 Mutiani
373 3220 434 3281 mei
473 3240 583 3300 parum
621 3239 741 3282 memor
774 3219 891 3295 videar,
925 3240 988 3301 quo
1022 3219 1197 3302 dispeream
1231 3221 1259 3283 si

128 3323 221 3384 quem
256 3325 397 3386 unquam
431 3324 536 3368 coram
575 3311 725 3386 expertus
759 3326 828 3368 snm
865 3305 1034 3368 humanius
1072 3307 1256 3368 humanum.

128 3388 239 3469 ltaque
260 3390 353 3452 mitto
376 3388 436 3450 tibi
458 3389 491 3451 in
516 3391 695 3471 praesentia
718 3411 783 3452 una
804 3410 875 3452 cum
899 3390 960 3471 hijs
984 3389 1083 3452 literis
1099 3389 1257 3472 quendam

129 3471 239 3535 Basilii
262 3475 347 3536 illius
369 3472 477 3553 Magni
498 3473 641 3537 libellum
666 3481 775 3538 nostra
798 3495 897 3555 nuper
913 3474 1071 3537 industria
1089 3496 1128 3537 ex
1144 3495 1258 3553 graeco

130 3555 263 3621 latinum
303 3556 451 3621 facturn.⁶
505 3558 574 3633 Quo
608 3559 640 3621 id
674 3581 833 3637 successu,
867 3564 957 3623 tuum
993 3559 1192 3640 aliorumque
1225 3562 1257 3623 in

129 3663 263 3722 quornm
287 3665 401 3705 manus
425 3644 601 3725 pervenerit
624 3648 692 3707 esto
712 3644 878 3726 judicium.
924 3644 990 3707 Nos
1021 3649 1106 3708 certe
1135 3666 1260 3708 summa

128 3747 188 3807 ope
210 3729 316 3790 annisi
338 3749 458 3805 snmus,
485 3750 523 3791 ne
546 3729 672 3793 saeculo
696 3730 770 3792 huic
792 3734 901 3793 nostro
928 3727 1079 3793 dictionis
1110 3734 1178 3793 tum
1209 3732 1257 3793 in-

129 3813 278 3875 affectata
313 3812 516 3894 simplicitate
551 3820 620 3877 tum
655 3813 825 3894 figurarum
861 3815 949 3878 velut
977 3814 1052 3878 flore
1075 3835 1184 3895 parum
1208 3838 1257 3878 re·

129 3897 296 3978 spondisse
319 3899 416 3961 videri
439 3899 606 3981 possimus.
651 3899 742 3962 Hanc
765 3898 1086 3974 lucubratiunculam,
1110 3901 1195 3981 quod
1218 3901 1258 3965 ud

129 3987 269 4044 nostram
294 3984 411 4046 attinet
433 4005 571 4064 operam,
597 3984 758 4061 humilem,
776 3985 892 4047 sivero
917 3984 1070 4048 Basiliam
1091 3986 1257 4049 authorem

200 4254 280 4305 ¹ller
297 4253 473 4308 Burhbiuder.
545 4256 691 4308 ’Andreas
712 4253 839 4318 Alciatus,
858 4253 912 4306 itul.
932 4253 1022 4306 Recbt
1048 4252 1169 4308 elehrter.
1206 4256 1257 4307 Ge·

129 4321 211 4372 nirint
222 4322 281 4373 sind
291 4322 349 4373 hier
358 4322 430 4374 suine
442 4324 628 4376 Aonotationes
639 4324 665 4375 in
677 4328 730 4375 trus
742 4324 897 4390 posteriores
909 4321 1008 4374 codicia
1045 4325 1122 4374 nstin.
1151 4327 1258 4390 Argunt.

132 4391 205 4443 1515.
277 4389 409 4443 ³t'oelius
437 4390 608 4458 Rhodiginus.
636 4393 771 4459 antiquar.
790 4391 894 4444 lection.
913 4390 930 4444 l.
949 4389 1040 4453 XXX,
1067 4391 1117 4443 den
1135 4390 1169 4445 Μ.
1189 4393 1257 4444 auch

124 4471 171 4508 um
202 4460 223 4511 l.
247 4455 309 4510 Dea.
340 4461 406 4511 1516
428 4459 485 4510 sich
512 4459 638 4527 uusbittet
656 4458 710 4528 (ΒΓ.
729 4460 791 4527 out)
809 4458 863 4511 und
881 4460 908 4511 in
927 4457 970 4512 Br.
989 4459 1038 4510 54?
1057 4459 1187 4513 bemteilt.

166 4525 252 4592 ‘Vgl
271 4525 296 4578 S.
316 4526 367 4579 606
385 4529 415 4578 A.
434 4527 458 4579 2.
528 4530 670 4581 *Ausere
696 4527 817 4580 amase.
887 4525 1008 4579 lBaeilri
1035 4526 1070 4580 M.
1094 4528 1128 4580 ud
1152 4527 1261 4592 ungor.

131 4591 195 4646 Nar.
221 4609 272 4659 ep,
296 4594 414 4646 eusdem
433 4595 465 4647 de
482 4596 582 4648 ratione
609 4597 680 4650 ritae
707 4595 840 4648 solitariae
865 4594 978 4647 libellus
1002 4599 1058 4645 ete.
1085 4594 1172 4655 Ἆγι.
1192 4595 1284 4638 mb-

130 4660 285 4728 Schmidt,
305 4610 333 4717 l'.
352 4662 451 4715 Mosell.
470 4661 495 4717 S.
515 4663 556 4718 26.
1015 4722 1094 4789 Q*
