2774 4966
373 612 478 672 llutian
496 632 531 670 au
549 614 649 670 Eobun.
687 614 792 669 blutian
810 629 845 668 aa
864 613 966 669 Urban.
1169 614 1233 679 543

111 785 263 853 schedula
287 786 403 851 Crotus
425 785 559 863 noster,¹
584 786 680 850 homo
703 785 827 861 doctus,
855 784 966 862 tidelis,
993 785 1164 866 jucundus,
1187 807 1243 848 ex-

108 873 246 937 clamare
286 873 425 937 videtur:
468 873 513 952 ,0
553 872 676 944 medici,
714 871 839 947 medici,
884 871 1019 934 inediam
1059 870 1242 951 pertundite

107 955 268 1022 venam.“²
324 959 359 1020 ln
399 957 539 1021 secunda
576 957 751 1038 graecissat
785 963 817 1020 et
849 955 986 1019 lacrimis
1024 957 1174 1038 pietatem
1207 961 1239 1019 et

107 1043 250 1107 officium
284 1065 359 1125 erga
381 1048 413 1106 te
437 1042 567 1105 indicat.
614 1041 761 1117 Quodsi¹¹
796 1043 876 1105 scire
907 1040 1002 1116 voles,
1041 1041 1095 1103 ubi
1130 1062 1245 1120 graeca

107 1128 162 1191 illa
190 1135 226 1190 ut
259 1129 304 1190 ita
327 1129 429 1190 dicam
457 1115 652 1210 τραγήματα
685 1129 867 1207 expiscatus
890 1128 943 1202 sit,
974 1126 1072 1207 legito
1107 1124 1243 1189 Gellium

110 1214 164 1277 lib.
191 1212 442 1295 V1‚cap.11.b³
487 1213 522 1274 ln
553 1213 647 1275 tertia
682 1212 803 1275 deridet
837 1213 1035 1274 adversarios
1069 1209 1244 1292 Capuionis

109 1305 141 1363 et
173 1299 268 1361 simul
293 1321 343 1361 me
362 1297 501 1378 judicem
535 1297 619 1359 lacit.
666 1297 841 1378 Postquam
872 1298 969 1377 igitur
1000 1295 1146 1378 legissem
1175 1296 1243 1359 lon-

112 1384 259 1465 gissimas
274 1383 419 1465 querelas
432 1387 464 1446 et
479 1381 642 1444 mollitiem
657 1387 731 1444 tuae
744 1381 858 1445 frontis
871 1386 1066 1464 perspectam
1084 1380 1243 1458 haberem,

110 1469 186 1550 quia
217 1469 355 1531 sciebam
380 1473 412 1532 te
441 1467 590 1530 devotum
619 1468 740 1529 uxoriis
772 1467 916 1544 decretis,
948 1467 1108 1548 suppressi
1137 1465 1245 1530 literas

112 1555 290 1617 communis
313 1554 418 1617 amici.
464 1551 499 1614 ld
523 1552 550 1614 si
573 1552 633 1615 tibi
657 1550 846 1634 perdolitum
871 1558 930 1629 est,
953 1559 1037 1615 certe
1059 1551 1136 1614 mibi
1158 1572 1244 1616 com·

114 1639 267 1722 placitum
291 1643 368 1702 erat.
415 1637 569 1700 Permitte
603 1637 681 1699 inibi
713 1658 831 1718 quaeso
866 1659 1029 1700 censuram
1063 1637 1245 1714 literarium,

113 1745 208 1808 quam
244 1723 321 1787 milii
356 1744 417 1788 nou
453 1729 570 1785 temere
607 1743 707 1798 sumo,
741 1721 795 1785 sed
831 1721 872 1783 ab
907 1722 1041 1785 eruditis
1081 1727 1244 1805 acceptam

113 1809 312 1873 sanctissime
353 1809 548 1871 administro.
607 1805 665 1885 Tu,
700 1807 786 1888 quod
820 1804 900 1869 belle
936 1806 1025 1887 lacis,
1062 1828 1177 1871 sonora
1213 1813 1246 1873 et

113 1894 248 1976 grandia
271 1894 382 1970 scribe,
407 1898 439 1956 et
460 1897 570 1974 patere
601 1913 702 1955 meam
726 1891 886 1972 ignaviam
910 1913 947 1955 ac
970 1892 1122 1956 desidiam
1156 1894 1246 1956 sitire

114 1985 146 2044 et
167 1979 323 2062 jejunare,
347 1980 375 2042 si
397 1979 443 2041 ita
467 1978 578 2040 mavis.
623 1976 734 2058 Neque
757 1978 839 2040 enim
864 1978 1027 2059 proposito
1055 1999 1126 2041 meo
1154 1981 1246 2061 copia

112 2069 146 2128 et
168 2065 328 2129 tumultus
351 2063 529 2137 verborum,
553 2061 607 2124 sed
631 2084 772 2144 pressum
790 2069 821 2125 et
837 2063 982 2125 floridum
1004 2063 1129 2126 dicendi
1144 2084 1245 2146 genus

113 2151 241 2214 arridet.
287 2149 401 2213 Verum
424 2148 508 2211 hanc
531 2148 725 2229 provinciam
751 2148 878 2210 missam
909 2146 1072 2212 faciamus.
1118 2148 1246 2214 Sufficit

114 2236 174 2299 tibi
197 2240 230 2298 te
254 2257 272 2297 a
296 2256 346 2298 me
368 2233 458 2315 diligi
482 2237 523 2310 et,
548 2232 632 2314 quod
664 2233 856 2314 praeclarius
878 2239 936 2310 est,
960 2233 1030 2297 coli.
1076 2233 1161 2298 Vale.
1206 2235 1244 2299 Χ.

113 2319 179 2385 Cal.
202 2320 325 2384 lunias.

268 2418 329 2474 Cori.
349 2417 415 2474 Prot.
433 2418 492 2472 478.

115 2605 231 2675 (oona)
639 2588 712 2653 478.
1039 2607 1080 2660 io.
1098 2605 1153 2661 Mai
1171 2608 1245 2663 1515.

496 2714 643 2784 Mutian
664 2735 713 2784 air
736 2713 875 2785 Urban.

115 2844 261 2911 (ll'i‘i‘nsclrt
287 2843 404 2896 mdirere
431 2843 588 2911 Eurorplaie
610 2843 656 2896 der
680 2843 814 2897 Parabelu
829 2843 873 2896 des
891 2843 1031 2896 Brennus.
1073 2843 1177 2898 Voltslie
1201 2845 1249 2898 hot

116 2913 152 2965 M.
175 2913 267 2965 sertim
293 2911 424 2966 Beistaml
448 2912 617 2980 metuerim
641 2913 674 2964 tri
695 2912 741 2965 der
765 2911 1040 2980 Hausoupeleyenlieit.
1082 2913 1174 2967 Urbun
1199 2913 1249 2967 soll

490 2981 540 3032 den
564 2978 700 3048 Weiudery
716 2980 876 3048 selaeseu.)

161 3093 305 3144 Omnium
324 3093 474 3144 bonarum
492 3093 608 3144 artium
624 3094 774 3154 magistro
792 3093 994 3145 celeberrimo
1011 3093 1053 3144 Η.
1070 3094 1208 3154 Urbano,

310 3191 476 3229 oeconomo
493 3176 669 3239 perpetuos
685 3179 784 3230 amico
800 3178 863 3231 fido
880 3179 925 3229 M.
942 3177 1053 3230 Rufus.

220 3287 252 3351 S.
299 3288 414 3370 Recipe
444 3309 564 3370 quaeso
590 3289 681 3373 plura
712 3290 904 3373 exemplaria
930 3288 1178 3373 parabolarum,⁵
1211 3295 1248 3355 ut

119 3397 156 3437 ea
180 3373 313 3437 Publius
337 3372 459 3437 noster⁶
483 3375 578 3438 isthic
607 3377 750 3439 inveniat
783 3376 858 3438 dato
894 3377 1005 3458 pretio.
1050 3373 1131 3437 Nam
1164 3375 1247 3441 festo

118 3459 286 3523 Trinitatis
330 3461 511 3541 episcopum
557 3459 705 3523 Paulnm'
745 3461 856 3524 adibit.
917 3460 990 3524 Tito
1027 3459 1127 3524 llario
1162 3460 1249 3526 favet

120 3545 282 3619 l'uolscus,
307 3547 368 3608 etsi
391 3544 483 3608 aliter
508 3546 593 3626 loqui
616 3546 676 3609 tibi
698 3547 854 3621 ridentur,
879 3567 940 3610 non
965 3551 1071 3608 tamen
1088 3546 1134 3608 ita
1151 3547 1246 3625 lavet,

119 3636 154 3694 nt
172 3653 220 3693 me
237 3631 487 3694 circumscribat.
533 3631 684 3695 Promisit
706 3633 790 3694 enim
813 3653 940 3714 operam
964 3652 1064 3695 suam.
1103 3630 1248 3696 [liniatur

119 3717 179 3779 lioc
220 3718 393 3795 negotium,
433 3717 558 3779 etiamsi
597 3717 777 3780 exhibenda
814 3719 949 3799 pecnnia
986 3717 1029 3780 sit
1064 3715 1247 3799 inquilin0.⁸

120 3801 286 3863 Praeterea
324 3803 465 3865 vinetum
505 3800 619 3865 vende⁹
653 3807 685 3865 et
717 3823 775 3884 age
812 3803 930 3865 bonum
968 3802 1114 3879 amicum,
1152 3804 1247 3868 sicuti

120 3886 275 4034 Meliti
299 3888 496 4033 prpestitisti.
545 3886 629 3950 Bene
652 3888 730 3950 vale.
777 3886 919 3951 Profesto
943 3887 1119 3951 dominicae
1135 3910 1245 3952 ascen·

119 3973 218 4035 sionis
276 3972 331 4034 DX
361 4022 366 4033 .

274 4071 335 4125 Cod.
355 4071 421 4127 Frcf.
439 4073 497 4125 474.

188 4207 201 4236 ι
232 4161 397 4245 uids—i-Tenx.
469 4196 553 4260 bcup.
573 4193 587 4243 7
608 4191 682 4244 Tenc.
1229 4260 1233 4271 Ι

175 4264 198 4342 ”¹
215 4209 276 4329 lgl.
303 4260 413 4339 Schluss
433 4262 487 4340 ¹des
514 4277 570 4314 vor.
595 4259 638 4314 Br.
661 4328 666 4343 ⁸
709 4259 834 4342 ’Jurom
856 4258 902 4338 Vl,
919 4260 971 4337 to„
1032 4258 1173 4313 'Hainlclt
1200 4263 1249 4313 mit

120 4329 495 4476 iiiiiiiuiiniiieiiim
513 4328 854 4475 ‘'litt‘ssststtil‘?
870 4326 1248 4474 risibilitas

120 4465 224 4519 Similia
241 4482 256 4519 e
275 4467 400 4534 physicis.
419 4466 543 4534 pleraque
561 4481 595 4517 ex
613 4464 754 4519 Aristotele
771 4468 799 4516 et
816 4464 908 4518 Plinio.
940 4466 1045 4542 urgent.
1067 4466 1140 4519 1514.
1192 4464 1248 4519 ⁶8.

120 4534 170 4586 407
190 4537 221 4587 Α,
240 4535 263 4588 2.
320 4534 374 4590 ²8.
394 4535 493 4590 200A.
512 4536 536 4590 7.
591 4534 740 4586 ⁸Dictmar
756 4531 832 4585 sollte
850 4531 1024 4599 eutschtidigt,
1040 4531 1089 4584 das
1106 4531 1184 4584 ilaus
1197 4532 1257 4582 dea

122 4601 238 4655 Vikaren
258 4603 408 4656 iiberlietoit
426 4604 539 4657 worden.
575 4602 619 4656 Br.
637 4602 699 4658 eii.
766 4599 828 4655 ⁹8.
842 4599 899 4654 sai
918 4600 996 4653 m.
