2774 4966
535 603 641 676 liutiari
658 639 692 677 au
711 608 840 692 Petrejus.
1187 616 1249 686 333

130 799 195 860 tam
220 795 285 859 suis
308 793 437 859 dotibus
460 815 555 876 quam
577 795 642 860 tuis
664 794 810 877 precibus
832 794 1008 859 orationem
1022 791 1084 857 sibi
1101 791 1250 857 honesta·

128 886 236 944 mento
259 881 406 957 futuram,
431 881 458 945 si
482 881 633 964 scriptum
666 887 807 945 nostrum
835 881 935 964 ipsius
962 877 1059 943 actio¹
1091 900 1250 943 commen·

128 967 260 1030 daverit.
299 967 368 1030 Non
393 972 441 1030 est
463 966 598 1030 Matiani
616 968 743 1031 laudare
759 990 825 1030 sua.
863 965 897 1030 Si
915 973 1035 1029 mature
1052 971 1083 1028 et
1098 966 1249 1046 graviter,

127 1055 152 1116 si
188 1058 261 1136 apto
293 1059 325 1115 et
358 1054 518 1123 distincte,
546 1055 573 1116 si
603 1075 679 1135 pure
707 1061 739 1117 et
762 1054 929 1133 diligenter
964 1052 1084 1134 scripsi.
1119 1052 1251 1115 accedat

128 1140 241 1203 decora
274 1140 501 1221 pronuntiatio.
546 1140 580 1202 ln
610 1162 673 1220 qua
696 1142 721 1203 si
747 1141 904 1203 auditorio
937 1139 1136 1215 satisfecerit,
1171 1138 1251 1201 bene

127 1226 232 1289 babet.
281 1226 322 1302 At
350 1225 427 1307 quid
459 1225 535 1289 haec
564 1247 622 1307 ego
652 1227 736 1290 tibi?
781 1227 861 1302 Quin
890 1227 1005 1309 potius,
1030 1225 1055 1287 si
1079 1246 1249 1298 meamus,

127 1312 256 1393 corrige.
303 1310 409 1374 Timor
431 1311 533 1393 magis
561 1312 650 1375 decet
679 1313 818 1375 eruditos
849 1334 944 1394 quam
973 1311 1106 1389 fiducia3
1135 1317 1170 1374 ut
1201 1332 1250 1374 me

127 1400 215 1461 decet
240 1398 388 1479 prodesse
411 1396 527 1478 quibus
550 1418 687 1479 possum,
715 1401 760 1461 ita
783 1405 813 1461 te
836 1397 1006 1462 transversi
1029 1396 1140 1460 calami
1157 1397 1249 1477 signo

127 1489 239 1547 notare
271 1482 462 1563 corrigenda.
509 1483 592 1546 Sunt
622 1485 775 1564 quaedam
811 1484 907 1547 libere
941 1483 1036 1555 dicta,
1070 1483 1124 1546 sed
1157 1504 1249 1546 nemo

128 1570 316 1634 nominatim
351 1573 489 1633 taxatur.
536 1569 597 1645 Qui
632 1570 763 1634 nothum
802 1572 900 1640 audit,
938 1574 1051 1633 notum
1090 1568 1249 1650 intelligit,

127 1656 271 1737 quamvls
294 1656 359 1718 sint
381 1657 512 1718 diversa.
560 1654 730 1720 Urbanitas
753 1662 801 1720 est
821 1679 882 1720 nou
901 1656 1100 1732 mordacitas
1124 1660 1155 1718 et
1172 1657 1250 1718 veri-

126 1743 203 1805 tatis
237 1742 367 1816 amicus,
400 1763 472 1805 osor
505 1743 705 1823 arrogantiae
738 1742 873 1806 libenter
906 1744 951 1805 ita
984 1742 1133 1822 loquitur.
1178 1740 1249 1804 Nou

125 1830 238 1892 timeat
272 1827 439 1890 Hallensis.
496 1827 642 1891 Protecta
676 1828 805 1892 libertas
840 1851 902 1891 uon
935 1828 1039 1890 irritat
1071 1827 1248 1891 crabrones.

128 1913 313 1978 Consideret
343 1914 413 1976 aliis
436 1913 468 1975 in
491 1913 568 1977 locis
603 1914 808 1978 festivitatem
833 1922 864 1978 et
886 1913 999 1977 deinde
1032 1913 1145 1976 hilaria
1176 1934 1247 1976 curn

126 1999 282 2074 tristibus,
318 1997 450 2062 humilia
478 2020 549 2063 curn
576 2001 753 2081 magnificis
775 2023 813 2064 ac
843 1999 1033 2064 sublimibus
1068 2004 1247 2082 componat.

128 2086 301 2168 Apparebit
324 2086 436 2168 opinor
458 2085 490 2148 iu
513 2086 626 2163 verbis,
650 2088 681 2149 in
706 2088 882 2164 sententiis,
900 2087 930 2149 in
948 2086 1163 2149 concinnitate
1186 2107 1248 2149 non

127 2171 309 2236 inamabilis
331 2172 476 2234 varietas.
521 2171 590 2236 Duo
614 2173 812 2255 potissimum
838 2173 936 2236 vitavi
958 2171 1045 2235 vitia.
1091 2170 1161 2235 Non
1178 2193 1248 2236 sum

129 2280 206 2321 usus
230 2258 401 2339 priscarum
425 2257 598 2321 dictionum
623 2259 752 2335 foetore,
776 2280 838 2322 uon
862 2259 971 2322 crebra
993 2258 1122 2321 testium
1153 2259 1250 2321 inter-

129 2344 315 2427 pellatione,
338 2343 457 2425 placuit
482 2345 549 2425 ipsa
571 2345 648 2408 mibi
672 2345 890 2428 perspicuitas
919 2364 1020 2425 neque
1044 2364 1123 2425 opus
1145 2350 1193 2407 est
1216 2345 1249 2407 in

129 2430 187 2493 hoc
221 2430 344 2493 dicendi
377 2451 499 2510 genere,
524 2436 559 2493 ut
581 2431 728 2495 affectate
766 2432 913 2514 loquaris.
960 2429 1090 2493 Summa
1122 2430 1248 2510 quidem

129 2516 197 2579 laus
232 2517 375 2586 oratoris,
408 2521 443 2578 ut
472 2537 530 2597 ego
560 2518 672 2593 sentio,
709 2518 832 2598 proprie
862 2540 899 2580 ac
930 2516 1066 2579 dilucide
1101 2516 1187 2597 loqui
1216 2524 1248 2578 et

128 2609 236 2684 aptare
260 2602 402 2683 personis
424 2603 608 2677 orationem,
632 2604 716 2685 quod
740 2626 758 2666 a
782 2625 945 2666 causarum
969 2607 1073 2666 tractu
1097 2603 1184 2665 venit
1206 2603 1246 2665 ud

128 2689 294 2771 pulpitum.
341 2688 522 2768 Acquiescis
554 2694 629 2770 puto
658 2711 727 2751 meo
751 2690 879 2771 judicio.
926 2688 984 2752 Sin
1014 2688 1104 2751 aliter
1137 2690 1248 2764 sentis,

128 2776 306 2838 instruatur
332 2775 432 2837 oratio
464 2774 604 2855 undique
637 2776 747 2838 accitis
781 2775 973 2839 testimoniis
1008 2774 1128 2846 inflata,
1163 2775 1248 2857 quod

128 2864 177 2923 est
200 2860 434 2924 circulatorium
465 2866 497 2923 et
527 2860 670 2942 ineptum
694 2866 725 2926 et
748 2861 847 2924 furem
882 2860 997 2943 arguit.
1044 2859 1143 2924 Priori
1177 2859 1248 2924 labe

127 2947 307 3011 maculosus
343 2951 392 3009 est
429 2944 619 3022 Tiloninus,²
656 2948 688 3011 in
729 2946 863 3029 epistola
897 2945 1073 3010 Cimmeriis
1110 2946 1249 3011 tenebris

128 3032 298 3097 obscurior.
350 3031 479 3096 Rideret
510 3032 688 3097 Heraclitus
721 3039 754 3097 et
785 3032 875 3110 Cato,
910 3037 942 3097 et
975 3036 1024 3096 est
1056 3033 1150 3115 plane
1181 3033 1247 3098 risu

128 3119 258 3201 dignum
289 3119 439 3201 aucupari
462 3118 558 3182 verba
581 3120 715 3197 exoleta,
744 3120 893 3184 simulare
920 3119 1113 3197 facundiam,
1141 3126 1248 3184 osteu-

128 3209 196 3269 tare
218 3205 359 3287 linguam
383 3203 584 3281 Graecorum,
607 3206 789 3288 promittere
811 3205 954 3289 grandia,
985 3205 1084 3270 libros
1106 3206 1248 3287 antiqui·

127 3296 240 3367 tatum,
264 3293 452 3373 eclogarum,
487 3293 758 3373 epigrammatum,
792 3294 971 3356 orationum
1006 3293 1249 3356 commentarios
1285 3296 1288 3303 '

128 3379 159 3440 iu
184 3383 328 3441 auctores
352 3399 415 3441 non
440 3377 565 3440 infimae
588 3379 708 3442 classis.
756 3379 855 3460 ,Quid
887 3380 1017 3462 dignum
1048 3384 1139 3443 tauto
1170 3379 1248 3442 feret

129 3465 180 3527 liic
214 3466 383 3546 promissor
415 3463 571 3527 lriatn?“³
628 3466 819 3528 Admiranda
857 3465 915 3527 tibi
952 3465 1034 3527 levia
1067 3465 1248 3546 spectacula

128 3573 240 3614 rerum.
277 3550 477 3630 ,Parturieut
491 3557 624 3627 montes,
641 3556 788 3615 nascetur
806 3551 956 3615 ridiculus
972 3551 1093 3614 musf‘*
1125 3552 1250 3615 Habeat

129 3660 215 3700 suam
251 3637 311 3700 sibi
345 3636 528 3699 invalitiem.
585 3636 725 3701 Stultum
755 3645 803 3701 est
837 3639 870 3701 in
905 3643 969 3700 tam
997 3637 1121 3719 frigidis
1154 3638 1249 3720 nugis

130 3745 221 3805 agere
255 3724 384 3785 mimum
409 3728 439 3785 et
463 3724 547 3804 apud
581 3723 789 3806 imperitiores
822 3745 968 3804 arrogare
1000 3724 1071 3800 sibi,
1099 3745 1181 3805 quae
1208 3745 1248 3787 ne

130 3809 360 3873 eruditissimus
394 3809 520 3890 quidem
552 3813 609 3873 aut
641 3815 827 3892 agnosceret
859 3814 916 3874 aut
947 3810 1045 3874 tribui
1078 3815 1248 3892 pateretur.

133 3895 194 3959 Sed
232 3917 364 3977 magnos
401 3896 523 3960 inuenit
559 3896 697 3960 stultitia
733 3902 894 3979 patronos.
954 3896 1030 3960 Adit
1066 3895 1248 3960 Tilouinum

131 3981 339 4059 Herebordus,
378 3982 463 4063 quod
501 3981 576 4045 milri
612 3981 680 4046 'filo
714 3981 917 4046 Eisenaceus⁸
955 3983 1104 4047 narravit.
1149 3982 1248 4048 Favet

130 4069 204 4132 item
240 4067 424 4149 fastigiosus
455 4067 502 4132 vel
535 4069 640 4150 potius
673 4069 836 4134 fastuosus
869 4075 974 4134 orator
1006 4067 1151 4133 senatus⁸
1183 4092 1249 4134 una

129 4177 198 4218 cum
228 4156 293 4217 suis
321 4156 466 4234 cognatis
496 4155 680 4237 polyhistori
712 4155 920 4237 philograeco.
966 4157 1018 4221 Sic
1046 4156 1251 4221 confunditur

200 4311 206 4339 ¹
226 4308 287 4360 Scin
306 4308 417 4375 Your-ag
434 4309 481 4360 1101·
497 4308 575 4361 110110.
612 4309 655 4360 Sic
673 4309 755 4373 solltc,
776 4308 824 4360 uic
843 4325 870 4359 os
889 4308 1000 4371 sclroint,
1025 4325 1073 4360 aus
1091 4308 1185 4361 Aulass
1203 4309 1250 4362 der

129 4375 240 4443 Synode,
261 4395 309 4429 100
328 4378 374 4429 1101·
392 4380 432 4430 cin
453 4378 511 4430 bald
536 4378 594 4445 fulg.
620 4378 662 4429 Br.
693 4379 763 4443 (lod.
791 4379 852 4445 338)
880 4379 960 4443 rodet,
987 4377 1109 4446 golialtcn
1136 4379 1248 4444 worden,

130 4445 198 4496 110111
219 4446 258 4498 boi
277 4448 362 4498 ciuem
390 4447 555 4506 tlurrririunr,
578 4449 611 4499 da
628 4448 666 4498 sio
685 4448 759 4499 0111θο
781 4447 946 4515 froimittigen
970 4448 1022 4500 Το11
1044 4447 1179 4514 ariscblug.

130 4515 182 4568 ²8.
202 4515 301 4570 23411.
320 4517 344 4567 l.
416 4516 656 4583 31100111110001.
678 4516 733 4570 138.
787 4515 875 4568 *Hor
895 4520 945 4569 Ars
963 4521 1029 4584 pom.
1051 4516 1106 4568 139.
1167 4516 1249 4569 ὁ1110

131 4599 154 4637 r.
174 4583 311 4646 Eiscuaclr,
329 4585 443 4638 'l'ilonins
461 4586 643 4648 Aruauuonsis,
657 4585 698 4637 bei
714 4584 746 4637 ll.
766 4602 798 4637 zu
816 4583 928 4639 Bcsucb.
947 4586 1034 4639 33211
1051 4589 1082 4640 A.
1093 4586 1115 4639 2.
1168 4587 1179 4617 ⁰
1198 4585 1249 4639 Bo·

130 4652 218 4719 bezan,
237 4653 353 4707 Erfurtcr
371 4653 580 4721 Stadtsyndil'ns
616 4653 673 4722 Vgl.
692 4653 734 4706 Br.
753 4654 810 4707 265.
