2774 4966
416 7 1385 311 -

596 66 602 99 l

584 128 592 149 s

138 632 201 697 412
563 631 650 687 aries
667 631 714 687 des
735 633 761 689 J.
780 633 854 688 1514.

143 807 300 889 Petrejani
324 806 487 871 nominis?
531 805 631 870 Tuum
656 811 705 870 est
726 807 824 889 igitur
844 808 1015 872 resalutare
1038 813 1070 871 et
1093 809 1184 873 ituris
1207 809 1265 874 ist·

106 954 109 959 .
144 894 217 957 hinc
256 894 386 956 Romam
425 893 498 956 dare
533 892 638 955 literas
671 892 710 954 'ad
743 894 939 956 carissimum
974 900 1007 957 et
1039 895 1263 960 suavissimum

139 980 309 1062 Petrejum‚
332 1000 479 1042 romanae
501 978 628 1060 linguae
651 978 788 1042 delicias,
833 978 880 1042 Ex
905 978 1011 1043 Gotha
1040 981 1164 1062 raptim,
1193 1004 1264 1046 cum

144 1065 262 1131 Urbani
302 1066 401 1129 nostri
439 1064 636 1146 Nepotianus
670 1066 849 1129 mitteretur
882 1066 922 1129 au
955 1066 1062 1129 ludum
1097 1065 1262 1146 Matthiae,

143 1154 366 1234 magistrorum
390 1150 616 1214 candidissimi.
661 1149 761 1214 Nonis
784 1149 945 1233 Aprilibus
969 1155 1061 1216 Anno
1085 1151 1242 1216 MDXllll.

290 1254 353 1308 Cod.
375 1252 441 1306 rtur.
461 1252 518 1306 289.

135 1442 250 1512 (uorsa.)
668 1425 739 1489 340.
1052 1445 1076 1498 5.
1096 1444 1169 1512 spru
1189 1446 1264 1501 1514.

518 1553 659 1624 Mutina
682 1574 731 1623 an
754 1553 891 1624 Urban.

137 1685 202 1753 (Hel
223 1685 357 1737 doreseta
378 1684 459 1752 (lpser
476 1683 655 1749 ‹lurpebrocht
674 1685 760 1736 sendet
777 1684 838 1736 aber
862 1684 968 1737 Urbans
987 1684 1198 1752 Ehrcnpesrlreuh
1215 1703 1264 1737 ru-

137 1755 207 1819 rr'r'ch
232 1755 290 1808 nuit
312 1773 339 1807 cr
363 1754 408 1805 ilar
430 1753 585 1805 obsr'chtlr'clr
613 1753 685 1804 rrirlrt
711 1752 867 1819 einpelotten.
911 1753 966 1805 Vou
996 1754 1077 1806 Goedc
1102 1755 1188 1808 rricbts
1210 1756 1259 1809 Ge·

375 1822 468 1875 wisara.
504 1822 557 1874 Der
575 1822 627 1874 aar
644 1822 709 1873 stetu
727 1822 782 1888 aas
796 1821 922 1875 llrrtr'uas
943 1823 1029 1888 Seite.)

310 1939 372 1988 Suo
389 1941 540 1999 perpetuo
558 1936 674 1988 vindroi
692 1937 733 1989 Η.
750 1937 878 1988 Urbano
897 1935 948 2003 (M.
968 1936 1090 2004 Rufus).

242 2049 273 2113 S.
319 2049 400 2113 Nolo
424 2049 482 2111 tibi
518 2048 742 2130 praejudicium
778 2048 882 2119 faciat,
918 2050 1001 2132 quod
1035 2049 1105 2112 dedi
1141 2048 1261 2113 literas'

143 2135 329 2218 Nepotiane.
388 2135 448 2199 Sed
485 2137 560 2216 quia
596 2135 676 2197 idem
715 2134 832 2215 delegit.
870 2135 1121 2200 Vuratislariam.
1157 2136 1264 2218 paravi

141 2222 432 2285 commendationes
460 2222 507 2284 vel
531 2222 637 2304 potius
664 2221 915 2285 introductiones
937 2222 977 2286 ad
1001 2220 1263 2286 benevolentiam.

140 2308 250 2390 ltaque
279 2308 338 2372 tibi
367 2309 409 2370 sit-
441 2308 597 2388 integrum
623 2305 670 2369 rel
694 2307 841 2389 ablegare
864 2308 912 2372 vel
935 2307 1069 2371 retinere
1102 2308 1262 2388 gentilem.

141 2393 207 2476 Ego
236 2396 319 2476 quod
351 2394 427 2458 felix
460 2393 663 2474 faustumque
688 2394 738 2468 sit,
762 2393 832 2456 dedi
857 2396 914 2457 deo
937 2395 1067 2456 munus²
1102 2415 1163 2456 non
1198 2399 1264 2458 tam

140 2481 309 2544 secundum
335 2481 475 2543 ordinem
501 2478 727 2542 Melchisedech
759 2500 851 2560 quam
881 2503 936 2563 pro
968 2479 1085 2543 Christi
1115 2481 1264 2544 instituto

143 2572 176 2630 et
197 2568 260 2631 ritu
278 2572 465 2630 nostrorum.
513 2566 601 2628 Dixi:
630 2565 797 2645 „Paratum
814 2589 867 2629 cor
884 2589 995 2644 meum,
1013 2567 1099 2641 deus,
1117 2572 1263 2650 puratum

141 2675 194 2717 cor
229 2675 346 2731 meum3
381 2652 516 2716 cantabo
540 2657 571 2715 et
595 2651 724 2734 psallam
757 2653 826 2730 tibi,
856 2654 980 2715 domiue
1004 2651 1109 2717 deus.“
1157 2653 1264 2716 Hono-

141 2739 256 2803 rarium
291 2758 368 2803 veru
398 2739 524 2821 pietatis
554 2739 585 2800 in
615 2744 758 2801 metuas
794 2739 920 2801 remitto
960 2761 1022 2802 uon
1058 2736 1155 2803 veluti
1190 2760 1264 2802 con-

143 2830 289 2908 temptor,
313 2826 367 2888 sed
391 2849 429 2888 no
452 2830 579 2907 putares
602 2825 672 2887 idco
695 2825 857 2906 scripsisse
883 2847 929 2887 me
953 2825 1021 2902 tihi,
1042 2830 1078 2889 ut
1105 2822 1264 2888 donares!

143 2910 310 2976 Confertur
332 2912 414 2976 enirn
446 2932 566 2992 semper
595 2911 714 2992 aliquid
738 2910 768 2972 in
793 2932 891 2974 novos
918 2912 1110 2975 sacrificulos
1132 2912 1170 2975 ad
1194 2910 1264 2974 olfi-

145 2999 226 3062 cium
259 2998 322 3062 lale
353 3002 532 3061 sanctarum
567 2997 786 3079 primitiarum.
832 2996 901 3059 Non
926 3004 956 3060 te
980 2999 1098 3061 vocari.
1145 2996 1178 3061 Si
1210 3019 1264 3061 vo-

143 3107 274 3161 cassem,
310 3086 410 3148 locum
447 3083 582 3147 fortasse
615 3083 745 3145 haberet
779 3083 915 3164 largitio.
960 3082 1128 3166 Utcunque
1152 3105 1200 3146 res
1228 3106 1265 3146 aa

146 3172 197 3249 sit,
221 3171 281 3234 tibi
304 3171 423 3253 gratias
446 3191 516 3252 ago
562 3169 606 3231 De
626 3169 807 3247 henningo⁴
825 3169 901 3232 nihil
919 3171 995 3233 certi
1013 3169 1124 3233 habeo.
1164 3169 1265 3250 Vigila

144 3263 191 3335 tu,
224 3264 260 3320 ut
293 3257 383 3320 soles
430 3255 507 3319 hlihi
541 3261 670 3318 senatus
704 3254 774 3332 (deo
809 3257 850 3318 sit
883 3255 995 3336 gloria)
1029 3254 1263 3336 suffragabitur.

143 3343 240 3407 Parce
277 3343 549 3425 occupationibus.
608 3341 668 3404 alii
706 3362 760 3422 per
797 3341 899 3405 lusum
939 3346 1079 3405 mactant
1117 3340 1264 3406 hostiam.

143 3429 266 3493 Putant
298 3452 361 3493 rem
399 3451 466 3491 esse
501 3450 625 3510 parram
663 3427 823 3490 immolare
857 3428 1003 3510 pocillum
1035 3434 1066 3490 et
1094 3449 1263 3513 popanum.

143 3514 206 3580 Sed
240 3516 322 3597 fugit
356 3538 409 3579 eos
444 3515 546 3578 latens
580 3513 794 3595 significantia
828 3514 991 3577 verborum
1021 3520 1053 3576 ct
1075 3513 1266 3577 divinissimi

145 3603 284 3684 mysterii
314 3602 443 3665 romani.
490 3600 604 3683 Recepi
636 3606 666 3663 te
690 3599 721 3661 in
746 3601 925 3663 memoriam
957 3601 1109 3676 virorum,
1139 3600 1172 3663 in
1202 3621 1266 3682 qua

145 3688 324 3752 diutissime
348 3688 437 3769 (deus
460 3687 554 3766 laxit)
579 3694 609 3750 te
626 3685 827 3750 conservabo.
867 3686 948 3751 Vale.
989 3686 1126 3768 Raptim.
1164 3685 1266 3750 Nonis

146 3774 305 3858 Aprilibus
328 3773 487 3838 lllDXllll.

295 3874 355 3929 cod.
374 3874 439 3927 Frcl.
459 3873 516 3927 294.

145 4063 259 4132 (socna.)
667 4047 738 4110 341.
1038 4060 1078 4111 aa.
1098 4059 1170 4126 spru
1191 4061 1266 4114 1514.

518 4173 662 4244 Mutian
684 4194 733 4243 an
756 4173 894 4244 Urban.

147 4305 210 4371 (Der
227 4305 323 4358 [aare
340 4304 429 4356 Adara
447 4303 481 4355 ist
499 4303 658 4372 cr'rrpelrrtcn.
695 4303 795 4356 thalete
812 4321 840 4356 er
857 4320 907 4356 erre
925 4301 1008 4354 cirtem
1035 4300 1183 4354 Faustinus
1204 4299 1266 4353 lrer‘rr

376 4372 503 4425 Lerrtulus
522 4374 626 4426 rcerrlcu.
666 4373 766 4427 Crotus'
787 4372 904 4440 rcr'lrr'per·
925 4372 1029 4436 (irruas.)

145 4490 216 4497 —---
235 4490 309 4496 .—....
331 4490 345 4495 ..

215 4545 291 4599 ¹Ilic
316 4544 409 4597 beiden
435 4544 548 4614 rorigen.
619 4545 700 4598 'llos
727 4543 805 4611 Opter
827 4559 869 4595 aru
888 4545 911 4596 4.
931 4548 992 4610 apr.
1063 4540 1148 4607 ³Vgl.
1167 4539 1193 4592 S.
1213 4539 1265 4592 228

148 4617 179 4667 A.
198 4616 221 4667 5.
292 4614 416 4679 *Goedea
439 4631 485 4667 um
510 4615 602 4669 dossrm
625 4612 769 4667 stadtische
786 4612 901 4667 Pir-unde
919 4611 976 4666 sich
994 4610 1028 4664 ld.
1049 4609 1117 4664 baim
1135 4609 1201 4663 Rato
1219 4608 1266 4661 be·

192 4682 223 4739 rb,
261 4683 362 4755 vgts
382 4681 696 4740 reassumam.
