2774 4966
562 624 667 687 blattae
686 649 720 687 an
738 624 839 689 Urban.
1204 637 1263 700 141

135 811 169 870 et
190 805 387 872 infirmItas'.
431 805 479 868 Ira
504 805 591 868 Iurur
613 811 672 881 est,
695 826 790 885 aegra
819 803 984 867 concoctio
1014 825 1127 867 nervos
1157 827 1267 870 omnes

139 897 170 955 at
193 893 334 974 corporis
357 897 390 954 et
411 890 508 953 animi
533 891 689 953 debilitat.
735 890 873 952 Primum
898 890 1050 965 omnium,
1075 890 1150 970 quia
1165 895 1268 972 graui-

140 980 233 1042 tatem
257 979 398 1058 corporis
428 977 537 1050 sentit,
567 981 635 1038 tum
668 977 789 1038 uomitu
824 974 1023 1037 stomachum
1058 980 1125 1037 turn
1160 978 1265 1040 alvum

143 1063 328 1143 purgatione
352 1061 510 1125 sollicitet.
558 1061 665 1123 Discat
681 1062 807 1142 parcius
823 1081 963 1122 comesse
980 1064 1012 1122 et
1028 1060 1145 1136 bibere,
1162 1063 1267 1127 minus

144 1145 313 1222 lucubrare,
351 1146 499 1227 amplecti
538 1145 745 1222 hilaritatem,
779 1145 965 1208 submouere
1010 1167 1101 1208 curas
1146 1148 1266 1211 edaces.

146 1228 300 1315 Proponas
324 1231 369 1294 illi
392 1232 553 1294 laudatam
580 1232 684 1293 uictus
712 1231 938 1313 parsimoniam
961 1230 1006 1292 De
1030 1234 1267 1297 consecratione

150 1313 343 1380 distinctione
369 1312 508 1396 quinta².
544 1315 606 1379 Ubi
629 1317 674 1378 sic
699 1317 780 1379 inter
798 1314 875 1378 alia:
903 1314 985 1395 ,Sed
1007 1320 1158 1396 praestat,
1176 1325 1212 1381 ut
1228 1342 1267 1382 ex

154 1397 228 1465 Ionte
243 1402 401 1465 haurias.“
443 1399 616 1464 Gratianus
635 1402 718 1463 enlm
739 1399 924 1481 compilavit
939 1400 1058 1480 script-a
1074 1401 1268 1484 Hieronymi.

157 1487 199 1563 qui
213 1488 313 1570 capite
329 1485 490 1548 XXXVIII
507 1492 618 1549 contra
633 1486 836 1550 Iovinianum
855 1487 900 1548 sic
918 1486 1071 1566 prodidit:
1099 1487 1267 1569 „Legimus

159 1573 293 1647 quosdam
317 1572 430 1634 morbo
452 1572 612 1635 articulari
638 1576 669 1633 et
691 1573 850 1652 podagrae
881 1571 1067 1633 humoribus
1087 1572 1269 1637 laborantes

158 1658 370 1738 proscriptione
406 1657 559 1719 honorum
594 1656 632 1719 ad
668 1657 840 1738 simplicem
877 1678 1018 1718 mensam
1053 1665 1084 1720 et
1115 1680 1270 1740 pauperes

159 1739 232 1805 cibos
266 1742 413 1806 redactos
450 1741 658 1805 convaluisse.
719 1742 894 1804 Caruerant
932 1743 1014 1803 enlm
1054 1742 1269 1808 sollicitudine

153 1822 372 1908 dispensandae
405 1827 518 1889 domus
541 1832 573 1889 et
596 1827 758 1907 epularum
792 1827 950 1907 largitate,
982 1847 1064 1906 quae
1094 1833 1125 1891 et
1156 1852 1270 1912 corpus

148 1904 290 1993 frangunt
318 1918 351 1976 et
380 1913 530 1974 animam.
582 1912 696 1975 Irridet
727 1913 877 1976 Horatius
907 1913 1083 1993 appetitum
1115 1915 1269 1991 ciborum,

143 1996 203 2071 qui
227 1997 404 2079 consumpti
431 1996 616 2079 relinquunt
648 1999 892 2078 poenitentiam:
927 1995 1047 2078 Sperne
1078 2000 1269 2080 voluptates,

139 2087 238 2169 nocet
250 2088 355 2165 empta
379 2081 487 2146 dolore
511 2080 703 2164 voluptas.“³
747 2082 874 2146 Etcum
899 2084 930 2143 in
947 2084 1171 2147 amoenissimo
1195 2107 1271 2166 agro

135 2179 171 2222 ln
209 2188 337 2231 morsum
362 2169 623 2248 voluptuosorum
648 2168 811 2231 hominum
836 2191 870 2230 se
893 2188 1032 2229 crassum
1058 2170 1271 2252 pinguemque

131 2242 343 2328 describeret,
366 2253 445 2315 lusit
467 2253 517 2316 his
540 2253 697 2316 versibus:
725 2252 793 2333 ,Me
817 2255 964 2336 pinguem
982 2257 1014 2315 et
1031 2255 1166 2316 nitidum
1192 2256 1271 2319 bene

126 2342 252 2400 curata
267 2345 339 2401 cute
355 2339 450 2410 vises,
466 2336 544 2401 Cum
565 2338 666 2401 ridere
682 2338 769 2401 uoles
786 2338 911 2421 Epicuri
930 2339 967 2400 de
983 2360 1078 2419 grege
1093 2341 1271 2421 porcum.“⁴

126 2409 221 2483 Non
231 2430 333 2486 tamen
350 2424 448 2505 probo
461 2424 567 2486 cibum
581 2422 763 2505 Orphicum,
778 2424 1035 2505 Pythagoricum,
1050 2427 1270 2489 monasticum.

125 2493 290 2572 Detestor
323 2508 457 2589 IrIgidus
490 2509 602 2590 pisces,
637 2530 741 2591 poma,
780 2509 896 2583 holera,
934 2509 1101 2589 legumina.
1161 2511 1271 2576 Laudo

124 2576 378 2673 frugalitatem
403 2614 466 2656 non
490 2593 707 2670 multifariam,
738 2595 792 2657 sed
821 2594 937 2657 bonam
961 2602 993 2656 et
1016 2595 1190 2676 simplicem
1214 2597 1273 2659 ali·

124 2679 291 2758 moniam.
336 2677 540 2742 Miscellanea
563 2700 641 2742 cena
663 2679 822 2761 pestilera.
868 2679 942 2742 Ideo
964 2684 1049 2742 recte
1072 2681 1150 2744 dicit
1173 2681 1272 2746 Hora-

123 2751 229 2824 tlus:
262 2762 382 2846 „SImul
411 2764 491 2827 assis
524 2763 689 2827 Miscueris
715 2764 810 2840 elixa,
843 2764 937 2827 simul
967 2765 1134 2845 conchylia
1160 2768 1273 2844 turdis,

124 2829 256 2911 Dulcia
288 2871 322 2912 se
355 2849 388 2911 in
424 2849 518 2913 bilem
552 2854 678 2912 vertent
710 2849 938 2930 stomachoque
976 2850 1148 2914 tumultum
1172 2852 1275 2916 Lenta

123 2914 417 3016 feretpitnita.“⁵
462 2935 601 2997 Tantum
640 2936 702 2998 cibi
731 2940 890 3016 potusque
926 2943 1079 3012 assumat,
1117 2941 1274 3018 quantum

127 2999 233 3079 facili
261 3020 437 3101 digestione
468 3021 623 3101 concoqui
656 3025 769 3101 potest.
815 3021 849 3083 ln
873 3042 977 3084 eremo
1007 3022 1111 3084 sancti
1146 3023 1274 3103 Georgii

128 3104 280 3167 Putabat
314 3105 403 3167 nefas
430 3128 498 3168 esse
530 3128 591 3168 nnn
617 3107 655 3167 ad
680 3106 819 3185 regulam
854 3107 1037 3186 propinanti
1074 3109 1272 3187 respondere.

166 3188 248 3251 redo
271 3191 302 3252 iu
326 3190 398 3253 aula
424 3191 609 3254 diversitate
633 3193 773 3253 carnium
799 3212 862 3253 non
896 3196 960 3253 tam
990 3191 1144 3254 distendit
1178 3214 1273 3273 quarn

136 3275 318 3358 corrumpit
342 3281 494 3350 uentrem,
518 3277 602 3338 unde
626 3277 743 3357 pituita
766 3280 915 3339 nascatur
944 3296 1072 3338 necesse
1094 3285 1153 3339 est.
1199 3278 1276 3340 Inde

139 3359 308 3445 turribius
330 3382 404 3423 esca
420 3362 536 3424 residet
552 3363 584 3430 in
601 3362 775 3424 stomacho.
814 3361 952 3425 Vitanda
968 3361 1115 3424 nimirum
1133 3363 1275 3426 satietas.

141 3423 235 3507 Nlhil
256 3447 300 3508 ita
321 3446 432 3509 obruIt
454 3448 595 3510 animum
619 3452 656 3509 ut
679 3447 791 3527 plenus
816 3451 925 3509 venter
941 3451 972 3508 et
989 3467 1084 3527 aegra
1100 3449 1274 3511 concoctio.

148 3507 212 3589 Qui
233 3531 356 3594 deditus
380 3537 429 3595 est
451 3532 597 3595 delicatis
628 3532 781 3603 obsoniis,
805 3531 885 3594 nihil
908 3535 1013 3609 tenue,
1039 3533 1115 3594 nihil
1141 3534 1276 3597 coeleste

98 3688 108 3703 ⁹
154 3617 251 3678 potest
287 3617 439 3698 cogitare.
496 3617 607 3697 Itaque
645 3618 822 3699 appetitum
861 3617 1005 3692 refrenet,
1043 3617 1133 3699 cujus
1166 3620 1277 3700 auriga

158 3699 246 3777 ratio;
262 3724 302 3764 ne
318 3701 370 3766 ille
386 3708 458 3764 ruat
474 3703 506 3764 in
523 3724 682 3784 praeceps
700 3702 788 3765 frena
811 3703 990 3766 contineat:
1015 3703 1096 3765 ratio
1119 3703 1276 3785 siquidem

163 3786 353 3869 paedagogus
380 3792 430 3850 est
450 3790 590 3868 corporis
625 3789 717 3868 quasi
749 3789 847 3870 pueri.
895 3787 944 3852 Ob
967 3788 1008 3862 id,
1033 3792 1068 3850 ut
1091 3791 1274 3853 summatim

165 3871 254 3934 onnia
280 3873 394 3947 dicam,
430 3874 591 3955 appetitus
619 3874 734 3936 rationi
759 3879 875 3953 pareat.
922 3872 971 3936 Ita
993 3873 1058 3947 fiet,
1082 3879 1118 3936 ut
1141 3876 1274 3954 prandio

166 3949 230 4019 rins
264 3959 371 4039 potius
404 3958 594 4029 reficiantur,
629 3981 722 4038 quam
758 3960 987 4039 opprimantur.
1039 3959 1075 4020 Er
1112 3961 1275 4023 iracundia

166 4040 274 4106 nodum
301 4064 362 4106 uon
388 4043 529 4126 prcedat.
579 4044 645 4123 ,Ira
668 4045 774 4106 odium
804 4050 943 4124 generat,
975 4045 1144 4106 concordia
1176 4048 1278 4108 nutrit

219 4178 226 4208 ¹
243 4177 337 4230 Dieser
345 4192 428 4230 senex
440 4192 494 4228 war
503 4175 634 4242 Spalatins
644 4175 833 4242 Vorgesotztcr,
843 4175 1065 4227 u'ahrscheinlich
1076 4176 1117 4227 cin
1129 4176 1195 4230 alter
1206 4176 1277 4231 Mili·

161 4241 207 4302 ΜΓ,
216 4245 308 4298 dessen
319 4246 514 4311 Anordnungen
525 4245 585 4296 dem
596 4243 748 4310 Ptidagogcn
760 4243 909 4309 unhequcm
922 4245 974 4295 und
988 4243 1064 4311 litstig
1076 4261 1171 4297 waren.
1201 4248 1278 4299 Aueh

158 4315 234 4378 mter
251 4315 277 4366 in
295 4313 462 4379 Wittenberg
480 4312 566 4379 lrlagto
584 4311 700 4379 Spalatin
729 4312 794 4362 iiber
818 4312 864 4362 dns
888 4311 1027 4378 Regiment
1054 4313 1099 4364 des
1126 4314 1278 4381 ¹allegulusr,

158 4379 201 4433 den
217 4381 320 4434 Mutian
337 4394 378 4434 are
396 4381 472 4433 einen
491 4381 575 4432 Herm
594 4397 645 4433 ron
664 4379 821 4431 ll'ildenlels
839 4380 949 4447 anslegt.
972 4380 1028 4432 ,ΒΓΙ
1050 4383 1098 4433 163
1118 4383 1163 4434 des
1182 4383 1243 4434 Cod.

155 4447 277 4504 ²Ilutiau
297 4450 384 4503 citiert
405 4466 454 4502 aus
471 4450 531 4501 dem
551 4451 624 4515 [torp.
640 4449 690 4514 jur.
711 4465 767 4501 can.
791 4448 840 4499 don
859 4447 1001 4500 Abschnitt
1017 4449 1057 4500 De
1075 4451 1278 4516 consecratione,

152 4516 250 4573 uoemt.
269 4519 286 4572 l.
305 4517 353 4572 III.
372 4518 431 4571 dist
450 4521 475 4579 5,
500 4534 541 4570 wo
559 4518 633 4569 indes
651 4517 695 4568 die
713 4516 803 4567 ll'orte
826 4517 889 4567 »Sed
908 4520 1101 4582 praesensere.
1127 4518 1201 4570 nicht
1218 4534 1278 4571 uor-

149 4587 284 4647 toramen:
310 4589 358 4643 das
375 4586 463 4657 gleich
486 4587 520 4639 Iol
540 4626 545 4638 .
565 4586 634 4638 run.
656 4601 704 4636 uus
722 4583 794 4636 Hier.
814 4588 905 4636 eontra
925 4585 984 4636 dor.
1003 4584 1019 4638 l.
1033 4585 1059 4637 11
1077 4586 1148 4638 steht
1166 4587 1192 4637 iu
1211 4587 1278 4639 ders.

148 4654 207 4711 aa
225 4659 252 4711 5.
305 4656 396 4712 Ἠοῖ.
413 4656 461 4725 Ep.
480 4656 501 4721 1,
520 4603 544 4720 ξ,
562 4656 602 4707 55.
656 4652 730 4719 ⁴Ep.
749 4653 770 4719 l,
788 4654 813 4719 4,
834 4654 866 4704 15
878 4668 917 4720 sq.
971 4652 1052 4707 ⁶Sat.
1072 4653 1107 4721 ll,
1125 4654 1149 4721 2,
1168 4655 1279 4710 73-76.
