2774 4966
505 640 611 696 Mutian
629 655 665 693 au
683 636 816 707 spalatin.
1162 629 1224 694 169

123 813 199 879 robur
220 819 357 881 enervat.
405 813 501 877 Recte
529 810 681 893 praecipit
704 808 860 871 Valerius:
893 810 928 867 nt
952 803 1081 866 meliora
1103 822 1226 882 semper

126 901 273 980 cogitemus
305 921 476 972 memores,
511 896 645 960 stultum
680 916 747 957 esse
781 891 977 954 infelicitatis
1010 909 1042 950 se
1076 887 1227 950 damnare

127 1004 258 1069 spemque,
282 1008 363 1068 quae
385 986 481 1048 etiam
506 983 627 1045 incerta
650 984 733 1042 recte
757 978 852 1051 levet,
876 975 1033 1038 interdum
1057 971 1223 1035 certamin

126 1067 346 1153 desperationem
369 1067 574 1134 convertere'
613 1065 735 1128 Valeas.
782 1062 873 1126 Sicut
896 1067 941 1136 tn,
966 1059 1092 1123 Urbane
1116 1064 1146 1118 et
1164 1056 1225 1120 He·

127 1153 240 1235 retortis,
268 1156 432 1238 conjuncti
455 1152 542 1230 estis,
574 1153 620 1215 ita
642 1173 706 1214 non
737 1150 813 1211 estis
844 1147 902 1210 bac
931 1144 1066 1228 epistola
1095 1141 1224 1205 discreti

127 1258 158 1300 ac
174 1239 317 1325 separati.²

250 1341 310 1395 eod.
328 1339 395 1393 Froi.
417 1339 473 1391 111.

129 1467 217 1543 (box)
385 1512 388 1517 .
622 1460 690 1525 133.
1068 1469 1107 1536 ra.
1128 1465 1224 1534 moo'p

455 1587 598 1657 Mutian
621 1608 669 1656 an
693 1584 875 1672 Spalatin.

129 1707 240 1775 (Smila
258 1717 305 1769 bat
322 1734 373 1769 con
396 1715 501 1770 Urbana
524 1716 626 1768 Beseda
648 1716 757 1768 ereutii.
793 1713 890 1766 Fuct’s
913 1713 1015 1766 Besuch
1041 1710 1082 1763 bei
1107 1707 1223 1760 ,amma

131 1773 219 1833 &term
232 1784 411 1852 Bn'efwaedeat
426 1801 512 1853 tropen
528 1785 574 1837 der
590 1785 673 1837 hohen
691 1783 877 1850 Forderunpen
898 1782 944 1834 der
961 1780 1119 1846 Brr'esbcten.
1135 1777 1225 1898 ffi-

130 1841 183 1923 Wt'p
196 1852 243 1904 cell
256 1853 391 1906 Liunttiat
408 1854 455 1906 der
472 1853 567 1906 Recita
588 1854 695 1914 wadan,
720 1869 796 1904 eccere
813 1869 842 1903 cr
858 1851 931 1903 uicit
948 1857 1000 1903 ers!
1024 1849 1113 1901 rorbcr

130 1909 198 1967 bara
208 1936 238 1973 zu
246 1922 345 1975 werden
354 1921 472 1975 maraht.
495 1922 577 1975 Gener
589 1922 643 1974 aar
655 1938 740 1989 arpen
752 1920 903 1973 Verlraltcus
916 1936 978 1971 rum
992 1914 1226 1983 Oberlrofmeistcr.)

414 2035 549 2096 Geor-gio
567 2035 729 2096 spalatino
747 2037 788 2087 Μ.
808 2032 918 2084 Rufus.

210 2125 237 2192 S.
281 2129 396 2212 Accepi
427 2128 536 2193 literas
566 2135 650 2207 tuas,
680 2131 711 2193 in
741 2130 858 2212 quibus
890 2125 1095 2208 significabas
1126 2124 1223 2186 fuisse

132 2209 239 2302 alitltite
262 2214 435 2293 Urbanum,
464 2215 518 2296 qui
543 2217 654 2279 merito
685 2217 855 2298 primatum
887 2218 976 2276 tenet
999 2213 1080 2274 inter
1107 2210 1226 2272 amicos

133 2305 268 2381 errantes.
316 2300 416 2383 Hujus
446 2301 578 2364 consilio
611 2303 637 2364 si
659 2307 697 2364 tu
720 2301 924 2380 acquieveris,
958 2297 1036 2360 nihil
1060 2302 1108 2359 est
1139 2294 1223 2375 quod

136 2375 228 2446 timeas,
266 2385 448 2449 Arbitratur
464 2386 547 2448 enim
564 2386 604 2449 ab
621 2387 707 2449 omni
725 2386 774 2449 vel
790 2386 893 2466 specie
909 2384 984 2447 mali
1000 2380 1226 2445 abstinendum

135 2477 184 2556 1111
199 2471 365 2534 secondum
389 2471 534 2552 Apostoli
557 2473 759 2535 sententiam.
795 2467 976 2534 Phacchus⁸
992 2468 1076 2549 apud
1095 2489 1142 2530 me
1159 2465 1226 2528 dies

135 2540 226 2630 aliquot
247 2555 379 2620 desedit.
424 2555 522 2640 Cupit
552 2557 699 2621 coelestis
730 2556 861 2620 militiae
893 2555 1020 2637 cingulo
1056 2551 1226 2635 praecingi.

135 2623 185 2698 llo„
207 2661 351 2724 repugno.
402 2641 482 2706 Nam
515 2642 541 2705 si
569 2642 649 2724 juris
680 2644 844 2707 scientiam
879 2641 1023 2722 religioni
1054 2636 1226 2720 copulabit,

136 2727 271 2820 cironicus
301 2728 362 2790 erit
391 2727 423 2789 in
447 2749 518 2791 arce
542 2727 787 2809 Wittenburgia.
835 2727 900 2809 Ego
931 2727 972 2789 ad
994 2731 1025 2788 tc
1048 2723 1158 2788 multis
1189 2722 1227 2784 de

135 2819 210 2873 muns
228 2813 328 2876 rarius
350 2813 465 2888 scribo,
489 2814 662 2894 exquibus
685 2813 810 2894 aliquae
835 2812 1029 2875 necessariae
1045 2816 1131 2884 sunt,
1149 2829 1227 2871 non·

136 2887 212 2957 nullae
231 2897 417 2960 voluntatis.
463 2897 598 2962 Necesse
621 2905 670 2962 est
693 2904 738 2973 ut,
770 2898 897 2980 quando
921 2898 1037 2960 desunt
1058 2894 1227 2968 tabellarii,

135 2973 232 3071 bimur.
278 2983 319 3046 lit
342 2984 369 3045 si
392 2983 539 3047 affuerint
566 3006 664 3047 naevo
688 2985 828 3048 malitiae
850 2983 969 3058 infecti,
992 2982 1127 3044 scribere
1143 2979 1226 3042 nolo.

135 3051 189 3160 39¹⁸..
208 3089 299 3149 quam
322 3068 366 3131 sit
388 3068 466 3133 lucri
490 3070 624 3150 cupidus
647 3070 699 3132 ille
722 3069 933 3133 Gotlrensium
958 3088 1074 3131 cursor.
1116 3064 1229 3128 Vendit

136 3144 195 3238 mhi,
210 3174 268 3216 non
285 3154 342 3217 dat
356 3153 473 3217 literas.
518 3154 585 3218 Nisi
604 3157 724 3218 nummi
740 3156 805 3218 sint
820 3177 895 3236 prae
913 3177 1017 3223 manu,
1035 3173 1097 3215 non
1116 3149 1227 3213 reddit.

135 3222 158 3288 Si
174 3236 263 3302 ninus
287 3239 382 3302 datur
404 3261 499 3321 quam
525 3241 601 3316 vult,
626 3241 786 3303 maledicit
808 3241 899 3321 quasi
922 3239 1087 3302 fraudatus
1109 3236 1226 3300 debite.

135 3306 213 3416 litque
232 3324 272 3387 ab
295 3323 359 3387 illis
381 3325 483 3388 solum
507 3326 632 3407 accipit,
657 3326 712 3406 qui
736 3326 862 3400 debent,
886 3325 1053 3387 sedetiam
1070 3323 1228 3385 deaoces·

136 3415 202 3468 soriis
220 3414 249 3472 et
271 3409 401 3473 aliunde
432 3411 515 3472 datis
544 3412 643 3474 literis
675 3412 847 3474 mercedem
879 3410 1013 3492 flagitat.
1060 3409 1146 3483 Quae
1180 3430 1228 3468 res

136 3492 259 3576 peracit
286 3494 466 3559 tardiorem.
513 3495 680 3559 Praeterea
711 3500 783 3558 tuas
814 3519 904 3559 curas
935 3494 1135 3575 interpellare
1166 3514 1227 3555 non

136 3562 197 3661 leet,
215 3602 249 3642 ue
271 3580 383 3643 dicant
405 3579 570 3655 Palatirri,⁸
601 3583 655 3663 qui
683 3581 822 3645 stimulis
851 3586 1007 3663 pungunt⁷
1037 3577 1229 3642 contumelia

136 3653 254 3728 infestant
285 3666 380 3728 alios:
419 3665 518 3746 „Quid
555 3668 720 3729 nobiscum
750 3673 799 3730 est
831 3667 993 3730 nobilitati
1025 3661 1226 3727 literariae‘?“

136 3732 217 3824 litore
235 3762 320 3814 nec*
342 3756 415 3812 tuas
438 3757 589 3833 exspecto
618 3774 719 3833 neque
743 3775 829 3815 meas
852 3750 1063 3834 exspectabis
1096 3750 1157 3812 uisi
1179 3771 1229 3812 res

135 3820 271 3920 admodum
304 3835 436 3916 grandis
466 3842 586 3916 urgeat.
641 3836 768 3903 Studes.
798 3843 834 3900 ut
865 3837 942 3900 mihi
974 3835 1098 3898 dicitur.
1144 3833 1229 3896 Bene

136 3903 205 4008 ΜΨ
229 3920 280 3983 sed
303 3920 417 3984 modus
440 3921 529 3984 assit.
577 3922 713 3985 Baculus
740 3923 820 4004 juris
851 3923 897 3984 sic
921 3920 1082 4002 praeteriri
1113 3924 1228 4000 potest,

135 3995 202 4089 ullu
220 4005 352 4085 petenda
376 4005 533 4069 licentiab
561 4008 668 4087 (quam
693 4008 822 4088 vocant)
851 4013 973 4070 ematur
1004 4010 1089 4069 stato
1119 4004 1227 4085 pretio.

137 4077 176 4141 llil
193 4084 346 4154 Phasellus
368 4089 452 4153 idem
475 4091 515 4154 ab
539 4093 610 4155 aliis
633 4094 769 4170 lactum3
794 4116 826 4155 se
842 4114 969 4173 quoque
993 4091 1051 4153 niti
1075 4090 1114 4152 ad
1131 4089 1229 4153 licen-

183 4233 237 4277 ·ne.
304 4224 442 4279 blioentia
458 4225 520 4292 setall
538 4226 580 4279 bei
598 4227 671 4280 Tene.

185 4287 254 4347 ¹l'al.
272 4292 406 4347 Maximus
424 4294 523 4348 Factor.
543 4299 570 4347 ot
588 4296 649 4348 dict.
669 4313 747 4349 mem.
768 4296 812 4356 VI,
832 4296 917 4348 oens.
944 4295 1003 4346 Wir
1021 4294 1093 4346 lesen
1108 4293 1174 4359 jstzt
1191 4292 1228 4343 1-

132 4352 194 4407 acui,
223 4362 331 4416 'Urbao
350 4361 416 4415 hielt
433 4363 491 4416 sich
509 4364 724 4432 voriibcrgchend
742 4365 769 4416 in
787 4363 961 4432 Georgenthal
980 4363 1031 4416 nul.
1069 4361 1230 4413 ³Balthasar·

130 4415 190 4476 Μ
204 4428 252 4508 bt}
268 4432 299 4484 A.
310 4431 334 4484 2.
371 4430 458 4484 Wenn
477 4432 524 4484 der
542 4432 576 4483 im
596 4432 639 4484 ΒΓ.
653 4435 701 4484 114
720 4437 932 4500 voraresgesetzto
951 4431 1055 4483 Besurh
1074 4429 1116 4481 boi
1127 4429 1229 4481 Mutian

129 4486 223 4550 bacis
237 4504 272 4552 ist
287 4500 339 4552 wie
362 4499 409 4551 der
426 4500 454 4553 in
472 4501 575 4567 obigem
593 4499 636 4555 Br.
656 4501 792 4555 crn'tihnte
816 4507 881 4566 (was
906 4499 1006 4552 frcilioh
1031 4515 1065 4550 un
1085 4497 1182 4564 eu’iss),
1200 4512 1229 4549 so

126 4554 307 4642 isaacem
323 4567 558 4624 nichtnach1509
576 4569 750 4647 goschrioben
767 4569 830 4621 sein.
859 4567 1071 4622 AuchdieEmr‘·
1094 4582 1165 4634 nuug
1182 4566 1229 4625 des

124 4635 263 4691 emmim
280 4634 470 4719 Vorgaoetaten
488 4635 621 4705 Spelatrns
641 4638 717 4693 liihrt
733 4638 832 4693 daraut
886 4638 896 4669 ⁴
912 4636 963 4689 Die
980 4634 1109 4704 H'dflinge.
