2774 4966
539 632 643 686 llutiau
662 649 696 685 an
715 629 844 685 Herbord.
1214 630 1254 695 73

128 813 236 872 centes
257 815 292 871 et
315 806 490 871 laudabiles
510 805 764 888 jurisconsultos,
801 827 862 867 non
892 805 1000 882 malos
1034 805 1169 885 iniquos,
1204 805 1253 866 in-

126 893 266 958 solentes
290 894 408 957 imitari
431 894 565 957 videare.
611 893 791 957 Cavendum
816 898 864 954 est
886 892 991 967 etiam,
1018 914 1055 953 ne
1071 892 1207 954 rusticae
1223 896 1254 953 et

126 982 283 1063 ineptae·
309 980 409 1061 jacias
440 979 654 1060 impudentiae
685 980 900 1043 fundamenta.
954 977 1032 1040 Nam
1065 978 1092 1040 si
1121 978 1254 1041 forensis

126 1088 240 1149 opera,
273 1066 393 1129 venalis
428 1065 566 1138 libellus,
603 1089 662 1128 vox
697 1066 888 1129 mercenaria
911 1065 1119 1127 tirociniumb
1153 1071 1254 1140 tuum,

126 1158 301 1234 antequam
326 1152 445 1234 majora
469 1154 526 1215 tibi
551 1154 669 1216 auxilia
686 1177 724 1215 ex
743 1153 880 1215 romanis
896 1151 1145 1231 antiquitatibus
1168 1171 1253 1212 corn-

126 1241 297 1321 paraveris,
322 1239 353 1301 in
374 1239 450 1314 lora,
467 1244 578 1311 rostra,
602 1240 759 1315 basilicas,
778 1239 916 1312 comitia,
933 1246 1051 1310 coetus,
1070 1241 1254 1311 conventus,

125 1324 341 1390 conciliabula
363 1326 545 1389 deduxerit:
567 1325 741 1407 jactabitur
764 1327 841 1387 ratis
864 1329 918 1386 tna
943 1325 1066 1404 magnis
1083 1328 1253 1405 tempesta-

126 1413 214 1475 tibus
256 1434 333 1475 aura
361 1412 503 1494 populari
531 1412 732 1484 sollicitante,
765 1421 801 1474 nt
833 1432 935 1490 neque
968 1411 1035 1473 vela
1070 1409 1254 1473 contrahere

127 1521 231 1581 neque
261 1520 363 1562 remos
394 1499 495 1580 possis
527 1499 675 1562 inhibere.
723 1498 861 1560 Primum
896 1497 1002 1576 igitur,
1033 1497 1058 1558 si
1093 1503 1175 1559 recte
1208 1496 1255 1559 vis

125 1584 226 1647 aliisc
250 1584 422 1659 consulere,
448 1584 576 1649 consule
599 1586 667 1648 tibi.
714 1583 826 1647 ltlelius
850 1583 1062 1665 persuadebis,
1091 1605 1171 1667 quae
1193 1582 1252 1644 tibi

124 1673 215 1754 prius
244 1672 445 1753 persuaseris.
496 1672 582 1735 Satis
609 1671 724 1734 diserte
752 1671 839 1740 dicit,
871 1671 923 1752 qui
955 1670 1095 1733 honeste.
1147 1669 1254 1733 Bonus
1339 1731 1342 1735 ,

126 1759 176 1820 vir
210 1780 272 1820 non
309 1757 377 1838 agit
410 1758 470 1820 nisi
512 1759 611 1821 bonas
645 1780 765 1820 causas.
829 1756 912 1819 Cave
946 1758 986 1819 ab
1020 1758 1125 1820 animo
1161 1755 1268 1838 verba·

125 1843 331 1908 dissentiant.
378 1843 482 1925 Caput-
514 1850 561 1907 est
585 1845 662 1907 artis
690 1845 801 1919 dicere,
830 1843 913 1926 quod
938 1843 1024 1906 facis.
1071 1842 1255 1925 Expeditior

124 1936 178 1994 est
210 1931 250 1993 ad
284 1929 417 2010 gloriam
454 1930 513 2006 via,
548 1931 573 1993 si
607 1932 686 1994 tales
720 1931 828 2006 simus,
864 1929 972 2012 quales
1005 1930 1065 1992 dici
1100 1930 1253 1993 volumus.

127 2015 237 2098 Turpe
259 2026 315 2090 est,
341 2017 368 2079 si
391 2015 615 2097 litigantiumd
637 2017 807 2080 auxiliatur
829 2016 935 2097 egebit
969 2017 1099 2079 auxilio.
1145 2015 1179 2079 Si
1203 2016 1255 2097 jus

125 2103 236 2185 legum
260 2102 413 2166 malitiam
438 2105 634 2177 instruxerit,
660 2103 737 2166 nihil
754 2108 859 2186 potest
875 2103 940 2165 lieri
959 2102 1093 2184 publicis
1110 2104 1255 2184 privatis-

124 2212 192 2272 que
229 2189 321 2252 rebus
361 2191 574 2270 perniciosius
631 2190 786 2272 Legitima
817 2189 984 2271 disciplina
1018 2190 1076 2253 sub
1113 2189 1255 2253 barbaris

127 2276 359 2358 interpretibus
371 2278 475 2357 coepit
486 2301 553 2340 esse
566 2278 651 2340 socia
663 2276 813 2341 scelernm
829 2278 846 2339 i.
862 2300 887 2339 e.
901 2277 1033 2340 adversa
1045 2277 1256 2352 innocentiae,

127 2362 237 2426 hostis
259 2363 411 2426 veritatis.
450 2364 509 2440 Qui
527 2386 598 2428 vero
615 2365 733 2445 scripta
749 2386 806 2427 sua
822 2386 877 2427 seu
894 2364 1000 2444 potius
1017 2364 1255 2446 compilationes

124 2472 205 2513 suas
240 2449 379 2512 mercede
412 2450 585 2531 publicant,
619 2451 743 2513 sordido
782 2449 964 2531 loquuntur.
1025 2450 1133 2533 Neque
1171 2449 1253 2513 enim

125 2537 259 2618 penitus
289 2536 515 2617 introspiciunt
545 2538 678 2601 virtutes
709 2537 823 2619 legum,
855 2537 910 2599 sed
940 2537 979 2598 ad
1011 2539 1144 2618 primum
1169 2536 1254 2599 velut

125 2627 293 2704 aspectum
317 2623 499 2687 subsistunt
522 2631 553 2687 et
575 2626 657 2687 liunt
679 2645 734 2704 pro
758 2624 932 2705 grandibus
955 2624 1077 2698 tumidi,
1113 2645 1167 2705 pro
1192 2622 1255 2686 for-

125 2710 218 2773 tibus
235 2709 400 2772 temerarii.
436 2709 620 2775 Laudentur
639 2711 788 2792 vulgique
808 2711 939 2787 trutina,
963 2732 1024 2774 non
1042 2711 1080 2774 ad
1099 2710 1255 2774 Critolai⁰

127 2795 245 2860 libram
272 2795 501 2877 expenduntur.
556 2797 677 2861 llivites
705 2798 787 2859 liunt
814 2804 845 2859 et
868 2802 1022 2879 potentes,
1054 2799 1129 2879 quia
1152 2797 1254 2861 furum

129 2888 182 2946 est
198 2884 306 2945 messis
321 2905 424 2945 aurea.
465 2882 526 2948 Sed
543 2889 577 2946 tu
596 2884 777 2947 melioribus
793 2906 898 2947 aurem
917 2885 1075 2965 praebeas.
1123 2883 1255 2947 Fraudis

130 2976 166 3031 et
188 2969 371 3032 stultitiae*l
394 2971 486 3052 plena
509 2976 584 3034 sunt
609 2971 723 3035 omnia.
780 2971 857 3034 Nam
882 2993 951 3034 cum
976 2971 1133 3053 praeclare
1156 2971 1256 3034 multa

131 3055 256 3136 legibus
281 3067 387 3119 essent
418 3058 602 3134 constituta,
634 3081 668 3120 ea
696 3058 992 3138 jurisconsultorum
1024 3059 1160 3140 ingeniis
1188 3079 1255 3121 cor-

135 3148 229 3224 rupta
250 3147 324 3207 sunt
352 3166 388 3206 ac
419 3144 600 3227 depravata.
654 3145 714 3209 Sed
738 3146 780 3207 sit
802 3144 919 3225 aliquis
942 3144 1020 3208 adeo
1045 3151 1155 3208 contra
1179 3145 1257 3207 veri-

136 3233 232 3291 tatem
263 3229 454 3307 obstinatus,
491 3237 526 3295 ut
553 3231 669 3294 audeat
702 3232 803 3294 dicere
833 3240 865 3294 et
895 3233 987 3312 qnasi
1021 3232 1256 3314 conspiratione

139 3316 267 3394 quadam
302 3317 387 3397 vulgi
423 3316 606 3380 reclamare:
644 3317 744 3399 „Ergo
780 3318 988 3399 Henningus'
1022 3340 1084 3381 non
1109 3326 1156 3381 est
1176 3318 1256 3398 juris

142 3401 295 3466 (consultus
318 3402 501 3484 perlaetus?
528 3403 575 3466 Tu
598 3427 691 3467 erras.
730 3405 978 3467 Perlcctissimns
1002 3404 1078 3469 est.“
1116 3404 1256 3468 Convin-

144 3508 242 3550 camns
263 3488 356 3569 liujus
379 3512 506 3572 quoque
529 3492 725 3554 amentiam}l
763 3491 889 3554 llminet
922 3495 973 3571 (ne
996 3491 1142 3571 mentiar)
1174 3492 1257 3554 inter

147 3576 279 3654 aequales
308 3586 339 3639 et
369 3600 452 3640 nunc
483 3577 572 3640 adest
600 3579 669 3640 duci
699 3579 844 3658 Georgia,
882 3578 981 3641 itnrus
1013 3600 1081 3641 curn
1115 3599 1150 3640 eo
1175 3576 1256 3641 Con·

150 3663 308 3735 stantiam,⁴¹
335 3669 369 3726 nt
395 3663 526 3726 Plrrisiis
549 3663 695 3727 hostibus
720 3672 750 3727 et.
773 3665 959 3727 adversariis
981 3663 1123 3745 Georgii²
1141 3686 1255 3745 magno

170 3863 181 3910 s
205 3800 322 3920 *hrqsticu
340 3806 367 3851 ct
385 3799 478 3866 inepto.
517 3801 709 3866 bqr-ocinum.
746 3800 832 3853 caliis
849 3800 912 3866 sclrlt
930 3800 971 3852 dri
990 3800 1061 3852 Terra.
1105 3805 1118 3842 1¹
1135 3801 1158 3853 ci
1177 3806 1208 3853 st.
1227 3801 1255 3855 ti.

150 3864 216 3917 ‘stit
233 3869 288 3920 nai.

150 3931 261 4007 teilungcn
280 3939 326 3991 des
348 3937 429 3990 Henrr
454 3938 696 3991 ttlrert'orstnreistor
714 3955 737 3990 a.
756 3938 786 3989 l).
808 3938 971 4005 tt'ernnbnrg
998 3939 1024 3990 in
1051 3939 1136 3992 Ert'nrt
1162 3939 1255 3992 boland

150 4001 195 4054 suh
216 4007 294 4059 sclrou
318 4009 385 4060 lanu
409 4006 450 4057 cin
474 4006 590 4060 ltictrioh
616 4025 677 4058 aron
703 4008 748 4058 dur
774 4006 953 4069 llarparctlrcn
972 4009 1024 4059 und
1043 4008 1210 4077 lunenburg«
1229 4009 1255 4061 in

151 4067 228 4125 fflnu.
265 4076 340 4129 >loch
364 4076 429 4127 alter·
452 4076 486 4126 ist
511 4077 556 4128 das
579 4077 736 4129 liesclrlcclrt
762 4076 807 4127 dor
825 4076 1006 4143 Margaretlron
1027 4078 1050 4128 in
1072 4077 1255 4130 lliilrllrnuson.

150 4136 189 4192 riu
202 4143 245 4196 der·
262 4144 447 4207 Bezoiclrnurq,r
466 4163 527 4196 :ron
547 4145 704 4212 Lnncnbrnp
735 4145 836 4196 stinnnt
849 4146 894 4197 rtur
908 4145 993 4197 lntoin.
1007 4146 1071 4198 Titol
1086 4146 1254 4213 Leunoi-gius.

149 4205 187 4260 ten
202 4211 297 4266 llntian
317 4215 371 4265 und
390 4214 476 4265 llibnn
497 4215 547 4265 dun
566 4215 685 4266 tiliolum
706 4216 751 4265 «nr-
767 4213 873 4265 l'anrilic
890 4215 914 4265 in
930 4214 1032 4266 briefen
1045 4217 1099 4267 nnd
1111 4211 1255 4268 ticdicbtcn

148 4278 221 4342 gelra,
288 4284 431 4335 scanno,
462 4301 509 4334 run
538 4283 570 4334 ll.
592 4292 666 4335 uritur
688 4285 730 4334 «lio
760 4284 954 4343 lroclnniitincn.
986 4285 1174 4350 lintrsiirlrtigen
1203 4286 1254 4337 und

148 4351 344 4404 amudsatzlnsen
365 4352 480 4403 tunsum
500 4353 645 4416 grunniunt.
685 4353 717 4403 lli·
738 4354 824 4404 trosass
846 4354 869 4403 in
890 4355 974 4403 tinrlrn
993 4354 1058 4404 nnvlr
1074 4353 1114 4406 in.
1133 4356 1178 4405 rra
1198 4355 1254 4405 cino

147 4416 217 4490 {lates
236 4420 359 4473 l'lriindc.
377 4422 419 4471 ein
442 4421 576 4474 instant.
596 4423 640 4472 dei·
660 4426 705 4472 nul
723 4421 837 4473 llntinns
859 4421 939 4473 t'rteil
961 4423 1032 4472 nir-lit,
1056 4423 1123 4473 nlnrc
1143 4423 1255 4474 llinllnss

146 4491 177 4539 st.
209 4488 460 4557 ltarnpschulte.
481 4490 510 4542 t'.
532 4491 580 4543 nr.
601 4491 619 4546 Ι,
639 4494 747 4541 :tn-42.
786 4490 807 4541 ll
820 4491 922 4547 uther,
943 4493 967 4542 in
987 4493 1032 4542 ‹tcr
1051 4492 1116 4558 ang.
1130 4492 1158 4545 lt.
1171 4492 1254 4557 ltiogr.

145 4552 185 4622 lx,
199 4558 344 4614 alt-316.
418 4562 428 4590 ²
447 4558 495 4611 bie
512 4558 674 4611 Fricslitndor
694 4560 874 4611 u·idcrs‹.=.tzt.crr
893 4561 950 4612 sicli
969 4561 1015 4611 der
1039 4561 1254 4613 Erbstatthaltcr·

142 4624 214 4680 ΒΜ
230 4628 331 4699 Georgs
353 4644 403 4680 von
421 4626 545 4693 Sachsen,
564 4629 605 4680 dic
624 4629 678 4681 ihm
697 4629 752 4680 sein
768 4628 870 4680 Bnntcr
880 4629 1004 4681 Heinrich
1015 4630 1163 4697 nbgetrctcn
1175 4631 1255 4697 hatte,

142 4690 174 4748 tn
188 4697 225 4751 sie
246 4699 314 4752 1515
331 4714 368 4753 an
385 4697 436 4750 den
455 4697 600 4766 Erzhcraog
619 4697 680 4751 Karl
701 4715 749 4752 von
769 4699 903 4752 (lestrcich
923 4699 1075 4770 sibergieng.
