2774 4966
29 39 983 302 u

371 618 547 686 llandachrilt
564 631 684 685 Matiana
727 618 834 685 blutian
852 644 887 683 au
904 624 1005 685 Urbao.
1190 628 1254 695 557

124 808 276 887 gnatione
291 817 306 845 ⁸
328 807 457 883 sentiat,
474 804 554 869 nihil
569 805 698 869 sentiat.
743 804 859 868 Datum
876 801 1002 868 Gothaa
1016 801 1150 867 Eidibus
1165 801 1254 865 Junii

127 890 253 955 MDXV'
605 973 769 1039 blotianos
791 974 896 1057 legum
921 974 1150 1056 pontificalium
1175 972 1211 1035 D.

228 1095 295 1176 Ego
330 1095 486 1158 Henricus
518 1093 642 1157 Rbanis
673 1094 836 1177 presbyter
858 1093 1014 1157 notarius¹
1040 1115 1203 1157 assensum
1227 1098 1260 1156 et

129 1180 374 1245 ratificationem
399 1179 600 1261 praestabilis
622 1181 682 1242 viri
704 1179 739 1242 D.
765 1177 926 1264 Cbonradi
953 1177 1088 1243 Matiani
1119 1178 1258 1243 doctoris

130 1267 161 1329 in
193 1266 322 1330 domurn
358 1265 476 1328 Beatae
510 1264 769 1345 ‘tranquillitatis
803 1273 935 1326 vocatus
965 1285 1036 1327 cum
1059 1263 1200 1327 adessem
1225 1265 1258 1326 in

126 1351 245 1415 circulo
270 1351 411 1426 testium,
434 1349 543 1412 audivi
566 1356 769 1431 rogatusque,
793 1355 830 1412 ut
851 1349 1020 1430 signarem,
1050 1349 1174 1430 signari
1197 1348 1258 1412 bac

128 1458 236 1514 manu,
262 1437 383 1500 Adamo
406 1434 520 1498 Publio
544 1440 576 1498 et
598 1435 738 1498 Vulcano
772 1432 889 1497 Druso²
923 1434 1044 1497 clericis
1077 1434 1258 1499 domesticis

127 1526 159 1585 et
183 1523 296 1585 ceteris
319 1520 511 1585 astantibus.
557 1519 671 1583 Actum
696 1540 791 1592 anno,
815 1520 875 1598 die,
902 1519 972 1583 loco
995 1540 1091 1602 supra
1120 1520 1257 1602 scriptis.

278 1620 338 1675 Cod.
358 1619 424 1673 Frol.
443 1618 503 1674 483.

124 1808 241 1877 (oona.)
650 1791 723 1854 493.
1039 1805 1080 1858 21.
1098 1806 1162 1859 Juni
1181 1809 1256 1862 1515.

498 1915 645 1987 blutiau
666 1936 715 1986 arr
738 1914 878 1987 Urban.

125 2046 173 2112 (Ist
200 2045 388 2112 unxusribden,
415 2046 479 2098 daea
503 2046 549 2098 der
577 2045 715 2125 Wcindcrg
740 2045 806 2098 noch
832 2045 907 2097 nicht
933 2044 1059 2112 miuust,
1083 2045 1126 2098 die
1148 2045 1261 2100 salbam

129 2115 223 2168 ulau
240 2114 307 2167 tiocli
326 2114 401 2166 nicht
418 2114 575 2182 angcsmipt
592 2114 637 2167 iat.
673 2113 840 2182 nepotianus
861 2129 938 2165 musa
960 2113 1030 2166 nacla
1051 2112 1128 2177 Rana,
1146 2131 1195 2167 um
1212 2115 1261 2184 den

127 2184 186 2236 Sita
215 2184 261 2235 der
298 2181 456 2234 l'erdreclren
484 2183 585 2235 tannen
614 2199 650 2234 au
680 2183 775 2234 lanai.
826 2181 928 2234 l'ollnle
956 2181 1002 2234 liat
1033 2198 1071 2234 aas
1108 2181 1261 2250 bleyumten

126 2251 251 2304 Matiana
283 2250 456 2312 enicet-iader,
486 2251 649 2304 rranrerrtliclr
676 2251 712 2302 ist
737 2249 783 2301 dm
809 2250 882 2302 letale
913 2248 990 2302 Wille
1015 2249 1059 2302 des
1084 2251 1262 2304 materteram

126 2319 248 2372 Brudcra
266 2320 373 2371 rarletnt
392 2319 502 2372 worden.
538 2319 631 2371 Eodem
649 2318 693 2370 cin
708 2323 785 2385 puter
803 2317 909 2374 Deserit.
928 2317 1078 2370 oberler'der
1086 2319 1130 2370 ein
1143 2319 1262 2387 Spielcr.)

159 2433 201 2483 Η.
219 2432 348 2483 Urbano
367 2432 516 2493 magistro
533 2432 687 2482 bonarum
705 2433 830 2490 artium,
848 2443 1026 2490 oeconomo,
1048 2431 1117 2481 viro
1134 2444 1224 2494 prae·

399 2518 507 2576 stanti,
525 2516 624 2567 amico
643 2517 764 2567 sincero
783 2515 838 2584 (Μ.
856 2513 980 2582 Rufina).

230 2625 261 2691 S.
307 2625 558 2691 prudentissime
581 2631 680 2708 pater.
727 2626 895 2690 Rationem
913 2626 1027 2704 reddis,
1051 2626 1257 2708 quamobrem

127 2712 268 2775 vinetum
304 2712 479 2793 inemptum
505 2717 537 2775 et
559 2716 670 2794 patera
704 2712 824 2776 infecta
856 2713 909 2788 sit,
942 2712 1022 2775 satis
1057 2715 1094 2775 ut
1126 2716 1260 2793 apparet

128 2818 201 2861 vero
225 2797 369 2861 similem.
415 2795 572 2861 Solitarii⁸
594 2797 676 2860 XLV
700 2818 813 2861 aureos
844 2797 977 2861 dabunt.
1025 2795 1181 2871 Quando?
1225 2795 1261 2862 Si

124 2883 191 2964 jam
226 2883 442 2946 crescentibus
476 2885 557 2960 uris,
592 2904 725 2965 respuo;
748 2883 872 2964 sipost
906 2881 1108 2959 vindemiam,
1141 2903 1258 2948 annuo.

128 2966 211 3050 Spes
233 2968 414 3032 ostenditur
437 2989 500 3031 non
525 2968 621 3032 dubia
644 2972 677 3032 et
698 2972 734 3032 tu
758 2969 999 3031 administrator
1021 2968 1123 3031 nostri
1144 2968 1260 3049 peculii

131 3053 246 3116 bonam
282 3053 400 3116 laboris
434 3060 555 3135 partem
590 3053 778 3117 exhausisti.
825 3051 902 3127 Quis
935 3053 1034 3133 igitur
1068 3052 1160 3116 cedat
1192 3058 1259 3117 tam
1298 3080 1303 3089 ·

129 3160 225 3220 parvo
250 3139 376 3202 illectus
400 3137 527 3221 pretio?
571 3139 642 3202 Non
665 3145 698 3203 te
720 3158 839 3220 quaeso
861 3137 1002 3217 retardet
1031 3159 1112 3202 uxor
1141 3138 1259 3201 adven-

128 3223 230 3288 ticia*
274 3222 345 3287 Non
370 3225 462 3287 uxori
485 3224 538 3288 sed
565 3225 679 3288 marito
702 3222 884 3288 donabitur.
930 3221 965 3286 Si
989 3244 1159 3302 meamus,
1191 3243 1260 3304 per-

130 3309 197 3385 tice,
221 3314 296 3372 voto
320 3315 356 3372 ut
379 3309 529 3373 fruamur.
574 3309 697 3373 Bonum
723 3331 838 3373 nomen
863 3309 1036 3382 Matienus,
1056 3330 1125 3373 sese
1148 3313 1180 3371 et
1202 3330 1261 3373 sua

128 3394 189 3457 tibi
212 3394 335 3477 obligat
358 3395 521 3457 soluturus
537 3394 642 3472 fidem,
658 3396 684 3458 si
701 3394 849 3476 ligaveris
865 3394 1083 3476 legaverisque
1102 3393 1259 3458 caelatum

129 3479 269 3554 calicem,
287 3481 335 3544 uti
352 3480 524 3563 promittis.
557 3478 785 3562 Nepotianum⁸
802 3480 905 3561 magis
923 3479 1135 3560 compositum
1150 3479 1262 3560 lingua

129 3569 162 3628 et
183 3566 336 3639 moribus,
360 3586 455 3647 quam
473 3571 548 3629 ante
566 3566 636 3642 fuit,
653 3567 783 3629 omnino
806 3564 939 3629 Romam
965 3565 1083 3644 mittas,
1102 3568 1139 3629 ut
1154 3566 1261 3647 capita

131 3650 282 3714 scelerum
318 3655 350 3714 et
380 3651 482 3715 multa
514 3650 553 3714 ad
592 3651 689 3714 vitam
724 3651 889 3714 commode
921 3650 1076 3730 agendam
1111 3649 1263 3715 ducentia

133 3735 255 3798 videat,
295 3735 432 3818 Tempus
455 3735 642 3800 autumnale
665 3735 725 3799 iter
748 3734 929 3799 cursoribus
952 3737 1117 3818 romipetis
1147 3736 1260 3817 aperit.

130 3818 220 3884 'luno
243 3820 320 3884 felix
344 3826 445 3887 exeat.
489 3822 620 3885 Interim
644 3822 771 3903 saepius
793 3842 844 3884 me
867 3820 984 3897 visitet,
1000 3825 1037 3884 ut
1052 3820 1263 3886 admoneatur

130 3927 233 3969 rerum
265 3906 327 3969 sibi
356 3908 613 3971 necessariarum.
660 3906 815 3971 Vuolscus
842 3905 949 3969 illudit
975 3905 1037 3969 tibi
1066 3911 1097 3970 et
1127 3906 1206 3970 mihi
1229 3910 1263 3971 at

132 3990 212 4054 clam
237 3991 347 4054 studet
369 3991 443 4057 'lito
465 3990 591 4057 Μεῑήο.6
636 3992 748 4074 ltaque
770 3992 866 4073 legat,
891 3990 967 4072 quid
991 3993 1137 4056 sentiam.
1174 3991 1262 4055 lllio-

133 4077 188 4156 qui
213 4097 271 4139 nos
294 4077 430 4141 stolidos
453 4101 521 4141 esse
545 4077 695 4153 crederet,
719 4100 758 4141 ne
781 4078 884 4141 dicam
907 4076 1100 4159 irreligiosos
1122 4081 1154 4141 et
1176 4077 1264 4141 velut

199 4281 469 4401 :dobilibnbnaldlne'
489 4349 500 4380 ⁹
517 4345 543 4401 Β.
561 4349 614 4400 416
632 4349 663 4425 ll.
684 4347 708 4399 3.
780 4345 857 4423 ³liic
878 4343 1024 4398 Einsiedler
1046 4345 1070 4399 d.
1089 4345 1106 4397 i.
1124 4345 1167 4398 die
1184 4344 1263 4397 Kart-

131 4411 230 4466 ln'iuser
247 4431 274 4466 111
292 4414 389 4480 Erlurt,
408 4415 510 4468 welche
529 4415 580 4468 dcn
598 4415 741 4482 Wemberg
759 4413 875 4466 blubaus
892 4413 987 4466 baulan
1006 4412 1119 4466 wollton.
1146 4412 1189 4466 Br.
1204 4413 1263 4466 506.

168 4481 286 4535 ⁴Urbau
305 4483 354 4536 soll
373 4484 431 4537 sich
450 4483 525 4536 nicht
543 4483 623 4536 daran
642 4489 752 4548 stossoa,
763 4482 823 4535 dass
841 4481 888 4533 der
904 4480 1007 4534 Freuml
1027 4480 1264 4535 zudessenflocb-

131 4550 186 4669 pgit
203 4552 246 4603 die
262 4550 514 4674 ⁶Sigiulpbpeptiqmt
531 4549 840 4677 isd'seinqulmlmge
857 4548 978 4602 heiratet
1004 4521 1033 4603 d
1049 4550 1104 4604 Mb
1125 4550 1202 4601 asa.
1219 4548 1277 4596 ¹³21„

171 4638 191 4670 l.
290 4650 316 4672 a.
371 4628 377 4644 ⁸
430 4664 435 4676 .
455 4622 478 4674 l.
600 4664 605 4676 .
624 4623 640 4674 ί.)
720 4660 726 4674 ι
767 4661 773 4674 .
