2774 4966
492 678 599 732 Mutian
616 693 652 730 en
670 676 831 730 Hartmann.
1165 672 1230 738 505

108 851 222 933 ,Venit
236 851 276 914 ad
294 872 342 914 me
366 849 532 932 religiosus
552 849 678 931 juvenis
700 849 936 930 compresbyter
960 854 1067 912 noster
1089 848 1232 926 Orosius,

105 936 183 1017 vigil
216 936 355 1018 ingenio,
390 941 522 998 ornatus
561 934 697 1017 eloquio,
735 936 873 1017 flagrans
910 934 1017 998 studio
1052 940 1081 996 et
1116 937 1229 998 cetera.

100 1021 201 1086 Docui
242 1021 326 1103 quod
364 1021 464 1103 potui,
499 1021 583 1103 quod
616 1027 723 1084 autem
758 1043 822 1084 non
860 1022 959 1103 potui,
992 1019 1077 1082 unde
1111 1019 1230 1083 discere

101 1108 229 1182 valeret,
257 1106 418 1170 admonui.
464 1107 576 1187 ltaque
604 1110 639 1170 ut
669 1107 709 1169 ad
738 1112 770 1170 te
792 1107 1051 1190 proficisceretur,
1084 1104 1231 1170 hortatus

98 1190 216 1256 sunr.“¹
264 1191 349 1257 Utile
373 1192 432 1255 boc
455 1197 504 1255 est
527 1191 715 1274 exemplum.
763 1193 864 1269 Disce,
892 1191 948 1255 sed
970 1214 989 1254 a
1012 1191 1124 1266 doctis
1154 1213 1230 1255 con·

100 1279 205 1341 siliurn
242 1284 323 1360 pete,
359 1277 412 1340 sed
448 1300 468 1340 a
501 1279 664 1341 consultis.
722 1277 775 1340 Sic
809 1299 892 1360 papa
924 1275 1037 1340 Sixtus
1070 1276 1231 1341 consuluit

101 1362 258 1426 loannem
282 1362 523 1444 Monteregium.
572 1363 619 1424 lln
641 1370 746 1426 autern
770 1363 947 1427 Germanus
976 1363 1029 1425 ille
1059 1361 1231 1426 correxerit

98 1448 248 1532 paschale
283 1447 427 1529 Dionysii
460 1454 655 1530 computum,
692 1471 740 1510 me
774 1447 876 1511 latet.²
932 1448 996 1511 Leo
1027 1447 1065 1510 X.
1091 1447 1231 1511 consulit

99 1533 265 1616 gymnasie
299 1538 418 1597 nostra.
463 1533 499 1596 ln
523 1534 640 1616 quibus
663 1533 755 1596 multi
781 1533 913 1607 Eudoxi,
938 1533 1030 1598 multi
1049 1531 1231 1614 Sosigenes,

98 1620 153 1702 qui
178 1619 226 1682 vel
248 1617 412 1682 lulianum
440 1641 558 1682 annum
590 1625 807 1683 renormarent
829 1620 878 1683 vel
902 1640 1031 1682 aureum
1066 1640 1229 1682 numerum

102 1705 308 1787 corrigerent.
355 1705 439 1768 Haec
463 1710 512 1767 est
534 1704 704 1786 singularis
728 1705 828 1786 gloria
851 1709 1032 1768 nostrornm
1056 1704 1232 1780 hominum,
1339 1701 1345 1711 ’

100 1790 139 1852 ad
163 1811 244 1871 quos
278 1795 409 1853 senatus
441 1790 665 1854 lateranensis
696 1791 821 1853 concilii
845 1791 876 1853 in
901 1812 933 1852 re
956 1790 1231 1872 praestantissima

100 1877 237 1957 respicit.
284 1875 365 1952 Quid
389 1877 472 1938 enim
505 1877 730 1957 praestantius,
759 1897 853 1958 quarn
886 1876 953 1958 ejus
982 1875 1169 1939 cerimonias
1196 1876 1230 1938 in

98 1962 240 2024 ordinem
274 1961 440 2035 adducere,
471 1963 526 2041 qui
549 1962 639 2025 dicit:
671 1971 745 2026 um
765 1972 817 2027 mv
835 1961 952 2047 '11th
997 1961 1080 2037 Vale,
1104 1962 1231 2044 sapien-

98 2047 220 2110 tissime
253 2047 442 2129 principum,
466 2051 498 2109 et
520 2047 712 2127 legationem
736 2047 823 2110 illam
858 2053 946 2111 tuam
979 2046 1113 2111 feliciter
1147 2068 1229 2128 gere.

100 2132 168 2212 Ego
199 2153 263 2196 non
294 2133 397 2195 solum
432 2131 654 2197 Defensionem
691 2131 874 2215 Capnionis,
909 2134 963 2196 sed
997 2133 1093 2196 etiam
1125 2135 1230 2197 totum

100 2219 262 2299 negotium
298 2218 338 2281 ad
373 2222 405 2281 te
439 2219 576 2297 mittam,
609 2221 636 2282 si
669 2219 794 2300 legendi
829 2220 923 2283 datur
955 2217 1067 2283 olium.
1112 2218 1230 2282 lterum

103 2302 182 2381 vele,
206 2303 317 2367 doctor
338 2303 467 2385 optime.

254 2403 317 2458 eod.
336 2403 402 2458 Frcl.
421 2404 479 2458 414.

100 2529 306 2538 ——--—-

168 2605 182 2633 ⁰
195 2589 278 2643 Niolrl
296 2590 388 2644 hebor.
426 2591 479 2644 Der
498 2592 563 2644 Sale
579 2590 642 2657 fehlt
661 2590 702 2643 lei
720 2591 793 2644 Tem.

98 2677 142 2731 die
160 2676 363 2798 Μίῆείἰιωῧμη
381 2677 427 2730 ihu
446 2676 1081 2748 tiberilieKelenderve1·besserungvgl.ror.Br.
1138 2677 1145 2709 ¹
1164 2677 1233 2744 Aug.

98 2763 138 2813 ep.
158 2746 199 2800 28.
265 2746 275 2778 ¹
316 2761 342 2798 re
359 2745 683 2816 Kelendervarbesserung
700 2747 761 2800 liam
779 2762 870 2816 wegen
891 2748 937 2801 des
957 2745 1132 2816 frilhzeitigen
1148 2743 1232 2800 Todes

98 2814 303 2883 Regiomontans
321 2814 395 2867 nieht
413 2831 447 2869 zu
464 2813 570 2870 sendo.
1151 2832 1153 2837 ·
