2774 4966
374 607 480 672 llutian
498 633 533 670 an
551 603 651 672 Urhan.
687 603 794 669 Mation
811 630 846 668 an
864 601 1013 669 Musardus.
1192 607 1255 680 241

125 788 300 872 scripsisse,
337 786 448 851 multis
484 786 545 851 tibi
583 786 689 850 verbis
726 807 925 868 exponerem,
963 786 991 849 si
1023 787 1123 850 otium
1162 791 1255 851 esset.

126 875 252 950 Paucis,
275 872 352 953 qnid
367 873 495 945 ¹dictum
519 873 572 946 sit
595 872 771 935 ostendam,
816 870 877 935 Per
900 871 1073 935 Arnoldum
1097 871 1254 936 nostrum¹

126 959 251 1024 reddita
283 957 345 1021 fuit
378 957 513 1039 epistola
547 957 650 1032 helio,
685 963 838 1037 tanquam
870 955 909 1019 ad
940 979 973 1019 se
1004 957 1102 1020 missa
1136 957 1256 1021 luisset.

127 1046 225 1108 Lecta
238 1055 253 1083 ⁸
276 1049 324 1105 cst
339 1041 438 1106 Moro.
486 1041 618 1105 Glossae
635 1041 811 1104 diabolicae
826 1042 937 1104 statim
954 1047 1029 1104 sunt
1046 1044 1256 1122 excogitatae.

127 1130 197 1195 Ohe
219 1133 342 1210 quanta
364 1127 510 1202 ludibria,
535 1131 674 1208 quantae
698 1126 837 1188 fraudes!
884 1127 1021 1190 Omnino
1039 1127 1132 1189 derisi
1149 1150 1259 1191 siamus

127 1217 175 1278 uti
200 1218 323 1296 poetae.
369 1213 448 1276 Nam
474 1234 527 1293 per
551 1210 833 1292 Schindecopium²
858 1211 961 1274 factus
984 1234 1053 1275 sum
1078 1214 1192 1275 certior
1215 1214 1259 1276 ita

128 1301 249 1363 dixisse
280 1298 424 1361 Lotium:
457 1298 548 1368 „Uos
579 1299 707 1376 lacunar*
732 1298 820 1359 ereb
868 1298 951 1359 llaec
974 1302 1005 1360 et
1028 1298 1105 1360 talia
1129 1304 1160 1360 et
1183 1319 1259 1361 con-

128 1385 347 1449 tumeliosiora
370 1383 416 1446 vir
439 1382 611 1445 sceleratus
635 1402 737 1462 neque
761 1389 848 1444 tuam
881 1404 982 1462 neque
1014 1405 1115 1445 meam
1145 1405 1260 1446 curans

129 1469 381 1534 admonitionem
418 1468 619 1550 impudenter
652 1469 829 1530 evomuisse
860 1467 984 1531 dicitur.
1027 1468 1115 1543 Quod
1154 1473 1261 1532 autem

130 1578 180 1619 me
215 1555 337 1617 cruciat
369 1563 444 1617 ante
476 1554 593 1629 omnia,
628 1553 790 1634 popularis
823 1559 881 1615 est.
940 1553 1089 1617 Promisit
1125 1555 1262 1617 vicariae

130 1642 259 1715 librum,
294 1639 433 1712 calicem,
467 1642 572 1700 vestes
606 1637 795 1700 sacrificales
830 1643 862 1699 et
895 1639 1014 1718 grande
1046 1638 1189 1718 legatum
1223 1662 1262 1701 ex

130 1729 337 1790 testamento.
381 1723 548 1786 Praeterea
581 1723 679 1785 habet
714 1721 916 1802 Henningum
950 1727 983 1786 et
1017 1725 1113 1786 vertit
1147 1725 1178 1786 in
1213 1746 1263 1787 me

130 1813 251 1893 scripta
276 1810 316 1872 ad
339 1805 532 1872 Cotionem.³
577 1807 664 1883 Quae
688 1807 767 1869 hene
790 1808 989 1871 considerata
1005 1809 1196 1872 timidiorem
1211 1831 1263 1872 me

130 1898 264 1960 iaciunt.
311 1894 338 1958 Ο
368 1893 513 1967 stultum,
544 1913 563 1955 o
594 1893 751 1973 perditum
783 1900 951 1974 patronum
986 1893 1168 1957 Cotionem!
1214 1894 1264 1958 lta

130 1986 303 2055 meamet,
328 1981 373 2042 ita
396 2001 445 2041 me
468 1978 583 2058 diligit,
607 1982 643 2040 ut
665 1978 786 2060 prodat,
811 1983 846 2041 ut
868 1979 1050 2042 adversario
1065 1980 1146 2042 ferat
1162 2001 1263 2061 opem.

132 2067 189 2132 Sic
211 2067 306 2129 dicit:
331 2071 417 2137 „ern”
440 2064 528 2126 aab
572 2062 640 2142 Ego
664 2084 726 2126 non
751 2064 797 2125 ita
820 2063 929 2137 detuli,
953 2069 1079 2127 tantum
1104 2066 1265 2128 nominavi

132 2152 315 2216 Godianum
344 2149 511 2230 hospitem.
558 2147 640 2223 Quid
671 2148 769 2229 igitur
795 2148 875 2211 fiet?
920 2149 954 2210 ln
979 2150 1117 2231 periculo
1141 2172 1211 2212 sum
1235 2155 1267 2213 et

132 2237 255 2317 majore
277 2256 372 2316 quam
398 2255 537 2316 unquam
565 2234 645 2295 mole
668 2254 800 2315 premor.
838 2234 948 2309 ltafit
965 2235 1267 2316 utpraecludatur⁰

133 2323 211 2387 aula
245 2327 277 2383 et
311 2320 406 2383 curia.
451 2319 487 2381 ln
521 2318 575 2381 illa
609 2318 744 2395 Godum,
776 2319 807 2381 in
843 2320 902 2382 hac
936 2318 1101 2383 Cotionem
1137 2321 1266 2383 timebo.

135 2409 226 2485 Quae
249 2427 319 2469 cum
344 2407 390 2468 ita
412 2405 487 2477 sint,
505 2404 567 2466 duo
584 2405 737 2485 petimus:
762 2408 799 2467 ut
818 2404 989 2485 alloquaris
1013 2405 1266 2486 Sommcringum

135 2513 283 2572 orasque,
307 2496 344 2553 ut
367 2490 447 2553 celet
481 2489 633 2572 epistolas
668 2511 779 2572 meque
809 2491 937 2552 tandem
969 2497 1116 2569 excuset.;
1144 2491 1268 2565 deinde,

136 2586 176 2642 ut
199 2578 321 2640 scribas
344 2573 483 2650 iterum*
507 2574 561 2637 scd
587 2575 722 2638 breviter
752 2574 811 2637 hoc
843 2576 952 2638 modo:
985 2577 1038 2657 „Si
1068 2577 1193 2639 reddita
1220 2580 1270 2639 est

133 2662 284 2746 epistola.
318 2661 400 2723 hene
434 2665 494 2722 est.
540 2660 607 2741 Ego
641 2660 717 2739 quia
751 2660 841 2721 vobis
875 2659 975 2736 faveo,
1012 2682 1074 2723 non
1106 2662 1196 2744 potui
1227 2663 1269 2737 id,

134 2748 224 2832 quod
256 2747 417 2819 admonui,
451 2766 513 2808 non
544 2745 722 2808 admonere.
769 2744 841 2808 Scio
875 2747 957 2808 enim
994 2747 1171 2810 llutianum
1208 2768 1269 2810 non

135 2854 246 2898 carere
267 2832 329 2895 et<l
353 2831 460 2893 multis
483 2834 515 2892 et
537 2831 662 2911 magnis
691 2831 801 2892 amicis
824 2851 882 2893 suo
906 2832 967 2893 sibi
998 2832 1104 2895 studio
1139 2830 1267 2913 partis“

134 2920 309 2998 Reliquum
335 2922 393 2991 est,
417 2917 458 2977 mi
482 2914 619 2991 Urbane,
643 2921 679 2977 ut
702 2916 844 2978 confidas
866 2938 916 2978 mc
939 2916 1017 2979 nihil
1040 2923 1157 2979 temere
1182 2938 1270 2998 praa-

134 3011 329 3070 sumturum.
376 3000 459 3064 Vale.

296 3101 359 3154 Cod.
378 3099 444 3152 Frci.
463 3099 521 3153 219.

136 3289 259 3359 (eorus)
669 3271 739 3335 190.
1073 3286 1143 3355 oapi.
1164 3287 1273 3357 (imae)

476 3397 620 3466 Mutian
643 3416 692 3465 an
715 3398 940 3467 Musardus⁵

138 3527 293 3591 (Bedauerh
311 3526 376 3577 dass
398 3524 454 3576 sich
478 3524 525 3576 der
546 3523 659 3590 frontum
683 3524 777 3577 rinnau
800 3527 832 3576 in
859 3526 1031 3592 Georpenllrol
1056 3525 1125 3576 heinr
1152 3525 1276 3577 Belcarum

136 3598 213 3649 eines
233 3594 342 3660 Prolem
359 3594 409 3645 den
426 3593 587 3659 angefinyer
604 3593 742 3658 abqehncll
760 3594 813 3648 lact.
834 3595 897 3645 (loch
916 3595 996 3645 narde
1014 3612 1043 3645 er
1060 3599 1127 3645 trote
1144 3594 1190 3645 der
1215 3593 1275 3644 Ver·

212 3779 313 3901 ΙὰΙὲοῒέ.
384 3782 398 3819 h
419 3778 482 3830 Vom
502 3777 673 3829 Abeona-einer
687 3780 803 3844 pelrlrrt.
873 3781 1069 3848 cprecludatur
1089 3780 1162 3833 rana
1222 3782 1278 3832 dot

151 3850 205 3903 eac
261 3848 267 3859 '
302 3863 359 3900 cna.

139 3851 157 3918 s
216 3916 336 3970 ¹Scriba
353 3915 389 3967 irn
407 3913 623 3967 Nonncnlrlostor.
643 3914 665 3968 S.
687 3915 737 3967 228
757 3919 786 3967 A.
807 3918 829 3968 7.
900 3918 974 3970 2ΑΙε
992 3919 1146 3970 botrcundot
1164 3917 1232 3969 auch
1251 3916 1277 3968 in

142 3988 187 4041 Br.
208 3986 261 4038 326
279 3986 326 4036 des
344 3984 406 4035 (nd.
424 3986 546 4051 genarmt.
583 3982 621 4033 lm
642 3983 842 4036 Veraciclinissc
861 3987 906 4037 dor
925 3987 1101 4038 Gothaischou
1129 3985 1279 4038 Kuuonikcr

142 4057 184 4108 als
207 4054 344 4106 Johaunes
367 4050 512 4116 Schinhopi
535 4050 576 4102 boi
601 4050 763 4118 Sagittae.
790 4052 856 4104 Hist.
876 4056 952 4107 Goth.
972 4057 1012 4107 od.
1030 4056 1106 4107 Terin.
1126 4071 1150 4121 p.
1169 4054 1203 4106 48
1221 4055 1278 4106 aul·

142 4123 259 4190 goliihrl„
296 4120 441 4174 Inimatrilr.
470 4119 496 4170 in
523 4118 574 4170 mr.
606 4119 683 4172 Micli.
717 4121 793 4172 iliu:
823 4122 881 4176 Joh.
912 4124 1104 4190 Schyndokoph
1134 4124 1166 4175 dc
1194 4123 1280 4173 Gotho

144 4189 414 4260 (Weissenborn,
429 4188 515 4240 Aktcn
533 4187 558 4238 d.
578 4186 610 4239 U.
625 4187 653 4240 ll.
668 4188 701 4242 ll.
715 4189 784 4255 ⁶201).
812 4191 969 4243 Baliularius
984 4192 1063 4244 1500:
1081 4191 1140 4242 Joh.
1152 4190 1279 4242 Schindo·

144 4263 197 4328 lrop
215 4261 249 4312 do
267 4257 354 4310 (lotha
377 4255 616 4323 (Bakulnrionlistc)
697 4257 888 4326 ³Siinuuoring
912 4261 983 4311 hatte
1008 4278 1057 4311 ron
1083 4260 1196 4311 llutiaus
1221 4274 1279 4308 ver·

144 4327 307 4382 trauhchcm
335 4325 420 4378 Briofe
445 4323 627 4390 Mittoilungcn
657 4326 777 4392 geruncht
807 4328 876 4393 (l'gl.
902 4346 955 4380 vor.
981 4329 1042 4395 ltu).
1066 4329 1108 4379 (lio
1133 4328 1179 4378 iun
1198 4343 1279 4391 gagen

145 4397 271 4462 licnuing
289 4394 377 4447 Gocdc
396 4394 421 4445 in
441 4392 606 4458 Wittenberg
625 4393 787 4444 blossstollon
808 4397 927 4448 konnton.
966 4397 999 4448 ll.
1018 4396 1196 4461 ‹entschuldigt
1214 4395 1280 4453 sich,

146 4480 198 4518 nur
225 4464 362 4516 Gudianus
389 4463 485 4528 hospes
513 4467 604 4527 gesagt
630 4479 661 4512 au
691 4463 782 4513 lintion.
820 4467 906 4516 (inodo
936 4467 1024 4516 lnosuss
1051 4466 1109 4516 cino
1137 4462 1280 4514 stiidtischo

145 4531 333 4654 Ρῐιῆῑιάθῶ
347 4530 486 4651 {cippum
510 4531 578 4651 ‘ehu
606 4529 704 4583 lolius.
744 4530 800 4598 Vgl.
830 4535 886 4586 unt.
916 4534 962 4585 dos
989 4533 1031 4585 ΒΓ.
1103 4532 1230 4584 ⁶Lch1cr
1255 4530 1281 4580 iu

169 4687 310 4732 mmmm
322 4686 350 4728 K.
363 4687 390 4728 l'.
403 4687 481 4735 snppl.
494 4686 535 4726 IX.
1037 4671 1077 4733 16
1100 4666 1104 4673 ⁴
