2774 4966
544 620 649 675 blutian
668 635 703 672 an
719 618 819 673 Urban.
1177 617 1240 683 283

120 795 293 868 literarum,
316 797 459 857 serretur
482 791 628 856 voluntas
652 791 831 875 syngraplii.
879 792 997 855 Addam
1023 792 1177 874 inquilino
1200 791 1239 854 ad

122 883 371 956 instructionem,
399 902 471 944 nam
495 887 527 943 et
550 879 763 959 coquinarius'
796 878 882 958 vulgi
912 879 1091 960 opinionem
1125 877 1240 961 probat

120 973 152 1032 et
168 989 226 1049 ego
244 967 307 1031 noli
324 966 384 1028 diei
402 965 525 1046 impius.
563 966 686 1047 Raptim
705 964 791 1039 baec,
809 987 879 1028 cum
896 986 1002 1028 cursor
1018 965 1057 1028 ad
1074 964 1239 1047 prandium

120 1054 260 1118 venisset
290 1053 327 1115 de
358 1049 564 1116 Fridislaria.²
610 1050 662 1125 Te,
693 1052 735 1114 mi
770 1051 903 1127 Urbane,
934 1072 1009 1132 rogo
1033 1056 1064 1114 el
1087 1050 1239 1124 obtestor,

120 1140 232 1216 scribe,
256 1161 331 1202 num
355 1138 466 1202 domus
489 1142 588 1213 vacet,
613 1137 724 1200 deinde
754 1160 827 1201 num
856 1137 940 1202 adsit
970 1137 1154 1219 inquilinuS,
1185 1135 1240 1218 qui

121 1226 197 1289 velit
219 1248 274 1308 pro
299 1224 449 1306 pensione
480 1229 598 1287 struere
622 1230 653 1286 et
676 1246 775 1287 meam
799 1229 981 1305 exspectare
1006 1223 1109 1287 iidem.
1155 1221 1242 1287 Satis

120 1335 170 1393 me
203 1312 317 1375 Hassia
344 1306 471 1374 <renat⁸
515 1310 653 1372 Nimium
687 1316 744 1386 est,
780 1310 863 1390 quod
888 1310 948 1373 ista
982 1331 1093 1392 pecora
1125 1307 1239 1392 campi,

121 1398 229 1461 rirarii
255 1397 408 1469 vilissimi,
434 1418 480 1458 me
504 1397 703 1462 contristant.
750 1395 831 1461 Vale.

276 1498 337 1551 Cocl.
356 1496 422 1551 Frcl.
442 1496 500 1551 268.

121 1705 214 1759 Gotho.
648 1691 717 1755 ⁵228.
1006 1707 1063 1773 (ror
1078 1703 1143 1772 usi.)
1163 1704 1237 1757 1513.

499 1818 640 1889 Mutian
664 1840 712 1888 an
736 1816 871 1887 Urben.

123 1945 297 2009 (Oekonomns
324 1948 461 2000 Friedrich
488 1949 522 2001 isi
544 1968 601 2002 corn
629 1950 742 2001 (lollium
772 1949 913 2015 llopialrut
931 1965 977 1999 um
995 1948 1052 1998 400
1073 1945 1112 1997 Gt.
1132 1942 1242 2012 pertrait

123 2016 224 2067 worden
244 2033 326 2082 aregen-
344 2017 574 2071 rrailerreelrtb'elirr
598 2018 800 2084 terraneolam
823 2035 872 2069 ron
899 2017 1016 2069 Gelderrr.
1058 2014 1122 2066 ll'ill
1152 2012 1242 2065 Urbarr

123 2082 190 2136 heim
208 2084 369 2150 Kursr'irstea
387 2087 535 2154 crrrpselrlen.
567 2087 645 2139 Bura
659 2106 702 2139 nm
716 2086 855 2140 Noclruais
867 2087 937 2139 elaea
950 2085 1059 2137 Dr'eners
1071 2083 1118 2150 [ἄν
1129 2081 1240 2135 Paulus.

126 2151 162 2206 Ob
178 2153 227 2206 dus
245 2152 337 2208 Brcris
357 2156 445 2208 b'creri
462 2156 634 2225 arrsprpebcn?
676 2155 915 2291 iiiiffmbaei
934 2153 1092 2216 beschemen,
1105 2151 1168 2206 doclr
1179 2149 1241 2219 selrll

593 2243 619 2278 rs
636 2243 672 2278 un
700 2243 730 2279 re
755 2261 763 2276 ι.

497 2340 535 2392 H.
555 2340 681 2390 Urbano
700 2341 742 2392 M.
761 2338 868 2391 Rufus.

153 2476 155 2481 ¹
226 2448 258 2511 S.
305 2450 384 2526 Quia
406 2458 438 2513 te
461 2458 491 2514 et
514 2457 587 2515 tuos
610 2453 629 2514 i.
654 2476 678 2513 e.
710 2452 827 2514 tribum
862 2456 1001 2514 nostram
1030 2450 1079 2528 (de
1111 2447 1241 2511 eruditis

124 2534 247 2616 loquor)
271 2538 326 2598 tua
349 2539 504 2618 sapientia
535 2540 634 2601 tutari
664 2545 759 2619 atque
790 2561 900 2601 ornare
934 2542 1032 2617 potes,
1069 2555 1239 2617 proponam

124 2621 182 2684 tibi
217 2621 475 2685 deliberationem
510 2624 675 2687 honestam
701 2632 733 2687 et
755 2625 874 2687 utilem.
925 2624 1014 2686 Nosti
1049 2621 1241 2684 Fridericum

126 2730 330 2771 oeconomum
355 2712 403 2772 sui
426 2710 570 2773 ordinis‘
614 2712 644 2775 ls
664 2712 786 2793 aliquot
801 2714 893 2776 annis
909 2712 1068 2790 gratiosus
1084 2708 1143 2770 luit
1159 2707 1242 2788 apud

125 2792 383 2866 Cast01·es,dnos
415 2797 535 2868 fratrea,
566 2802 717 2880 patronos
746 2798 856 2861 meos.⁵
900 2797 992 2860 Nunc
1024 2800 1145 2858 mutata
1177 2793 1243 2856 vice

125 2880 234 2961 (,quid
258 2879 361 2961 placet
384 2889 467 2945 aut¹⁵
497 2883 569 2946 odio
593 2891 649 2960 est,
674 2884 758 2966 quod
782 2906 843 2948 nun
869 2881 1021 2946 mutabile
1050 2876 1243 2960 credas‘?“⁶),

125 2967 191 3029 vioe
226 2967 356 3047 inquam
393 2973 514 3032 mutata
549 2969 643 3050 vulgo
679 2972 794 3034 dicitur
831 2970 972 3034 amisisse
1010 2968 1242 3031 auctoritatem.

124 3052 230 3135 Nuper
253 3053 336 3134 quod
362 3061 472 3117 contra
496 3056 631 3119 edictum
665 3057 834 3138 principale
863 3056 1054 3137 prohibitam
1083 3057 1244 3135 erogasset

124 3140 300 3220 pecuniam,
324 3141 477 3204 multatus
500 3149 567 3203 erat
590 3165 608 3204 a
631 3150 797 3224 quaestore
820 3142 978 3216 Gotban0,
1003 3143 1068 3204 viro
1092 3140 1242 3203 acerrimo

124 3230 155 3286 et
178 3226 377 3297 inexorabili,
403 3226 506 3290 CCCC
529 3230 632 3290 aureis
656 3231 801 3291 nummis.
848 3230 894 3291 An
927 3228 1031 3291 soluta
1061 3227 1103 3289 sit
1134 3224 1242 3300 multa,

122 3311 278 3375 affirmare
303 3333 431 3392 nequeo.
477 3314 595 3376 Passus
619 3320 666 3377 ost
689 3337 758 3377 eam
783 3315 997 3394 ignominiam,
1015 3316 1049 3375 ut
1067 3313 1142 3375 dixi.
1180 3310 1241 3374 Sed

123 3397 199 3460 haec
220 3398 344 3478 jactura
369 3399 444 3461 nihil
468 3400 508 3462 ad
533 3423 597 3462 nos.
645 3402 729 3464 Satis
753 3407 880 3464 constat
902 3423 971 3462 eum
997 3400 1092 3461 luisse
1115 3399 1145 3459 in
1170 3397 1243 3460 aula

120 3482 362 3565 impetrabilem,
393 3486 459 3547 siim
490 3487 625 3566 gratiam
657 3488 765 3549 unierit
793 3493 828 3548 ut
856 3488 942 3549 dives
970 3491 1001 3548 et
1034 3486 1241 3566 importunus,

121 3571 187 3632 sire
221 3569 383 3633 blanditiis
407 3579 438 3633 et
461 3571 643 3634 adulatione
678 3573 853 3654 captaverit
886 3595 993 3635 auram
1029 3569 1243 3653 principalem.

122 3655 246 3719 Profuit
280 3678 316 3718 eo
351 3657 442 3719 modo
477 3660 542 3720 suis
576 3664 607 3721 et
640 3661 730 3739 qriasi
766 3660 934 3738 imperator
972 3659 1159 3720 rusticorum
1194 3660 1243 3719 est

121 3741 260 3805 habitus.
321 3741 375 3804 list
408 3744 437 3805 in
473 3753 504 3805 te
538 3766 599 3805 non
638 3746 737 3806 minor
777 3745 940 3815 industria,
978 3766 1034 3826 par
1071 3742 1244 3822 ingenium,

122 3827 267 3890 doctrina
297 3829 404 3909 major,
439 3830 595 3911 elegantia
624 3831 686 3892 stili
714 3831 887 3893 amabilior.
933 3829 967 3891 Si
999 3830 1130 3902 videtur,
1160 3850 1242 3891 cum-

123 3914 279 3976 mendabo
304 3920 334 3976 te
358 3916 497 3977 maximo
522 3917 695 3997 principum
722 3940 775 3996 pro
799 3940 866 3979 mea
889 3938 962 3996 erga
978 3922 1009 3978 te
1027 3914 1246 3977 benevolentia

121 4007 219 4080 atque
242 4000 454 4063 observantia.
502 4001 609 4082 Neque
641 4004 763 4073 rlubito,
792 4005 868 4084 quin
906 4025 1008 4065 meum
1044 4000 1243 4082 praeconium

121 4087 239 4149 efficiat
263 4091 294 4149 te
319 4087 534 4165 favorabilem,
559 4089 620 4150 nisi
643 4097 766 4151 metuas
791 4089 868 4151 baec
892 4093 1033 4170 tempora
1060 4110 1135 4150 sane
1166 4086 1244 4168 peri-

122 4172 241 4237 culosa.
298 4172 390 4235 Nunc
424 4173 520 4235 alium
553 4174 663 4237 faciam
700 4176 940 4257 paragraphum.
997 4174 1134 4254 Exquire
1166 4171 1244 4235 mihi

194 4394 209 4420 a
223 4377 285 4445 quid
306 4376 390 4443 planet
408 4382 454 4429 aaut
470 4378 532 4442 selrll
551 4379 591 4430 liri
613 4380 682 4431 lini.

121 4483 125 4494 ¹
194 4463 504 4531 ¹Engelnia1111.s.2oi.r
525 4470 552 4517 A.
573 4468 595 4516 ζ’.
668 4466 838 4517 ²l'icllciclit
863 4483 953 4533 n'egnn
979 4468 1024 4519 dor
1042 4463 1246 4533 Angelegenlroit

122 4534 169 4586 clas
190 4532 264 4586 Paul.
281 4531 408 4599 Aquilius.
427 4530 452 4585 S.
464 4534 512 4584 ‘241
533 4538 561 4585 A.
574 4538 597 4588 ll,
611 4536 648 4588 10,
708 4537 718 4565 ³
736 4535 836 4601 Wegrn
857 4536 902 4587 rlcr
920 4534 1183 4588 llmterlassenschatt
1200 4534 1247 4586 dor

121 4601 232 4655 Briider.
268 4600 327 4668 Vgl.
349 4600 374 4653 S.
393 4601 444 4652 278
467 4604 497 4653 A.
517 4604 539 4655 7.
617 4605 627 4634 ⁴
651 4603 708 4657 Von
734 4604 973 4656 ltoinbarrlalnunn.
999 4602 1023 4657 S.
1043 4604 1076 4656 33
1099 4605 1128 4656 A.
1147 4603 1171 4655 3.

123 4671 134 4704 ⁵
150 4668 286 4726 Friedrich
303 4687 328 4725 u.
346 4669 450 4723 lohann
468 4687 493 4724 r.
512 4669 635 4725 Saolrsen.
708 4672 797 4726 “lion
816 4672 862 4741 Ep.
881 4672 917 4739 11,
937 4674 960 4741 1,
978 4673 1038 4727 rur.
