2774 4966
375 21 1325 289 ''1'-

125 616 167 680 74
497 615 583 669 Briete
601 632 650 668 von
672 615 847 671 1505-1508.

128 790 224 853 flandi
258 789 478 874 clamandique
512 796 633 857 tumore
663 794 827 877 obstrepat
849 794 880 857 in
905 800 1017 859 senatu
1041 794 1251 859 Caesareano

128 876 329 940 Plurimum¹²
353 878 383 940 in
408 901 444 941 eo
469 880 551 943 valet
537 884 739 944 memoriae
755 882 899 956 lrrmrtas
918 903 1015 944 ammi
1032 903 1131 964 vigor
1155 902 1251 962 quem

129 986 186 1025 nec
221 970 323 1026 metus
359 964 477 1045 frangit
511 988 568 1028 nec
602 967 815 1030 acclamatioh
845 972 943 1031 terret
973 989 1029 1030 nec
1052 967 1251 1031 audientium

127 1049 301 1114 auctoritas
328 1052 475 1114 retardat.
534 1052 637 1116 Habet
667 1054 824 1117 naturalia
856 1054 1067 1118 instrumenta
1101 1053 1253 1135 litigandi

127 1143 160 1200 et
182 1157 240 1199 usu
267 1158 368 1200 rerum
393 1138 514 1237 peritus
529 1138 673 1203 habetur.
719 1140 805 1216 Quae
828 1140 954 1220 quidem
984 1146 1109 1204 tantum
1134 1139 1252 1216 valent,

130 1228 167 1286 ut
190 1222 399 1304 frequenter
392 1224 511 1357 mpenii
535 1232 567 1288 et
554 1226 757 1289 tfacundiae
780 1226 893 1290 lamam
914 1226 1058 1291 ιιιιιιικι
1099 1190 1252 1307 Nagnuni

127 1313 184 1385 est,
208 1310 280 1390 quis
303 1309 453 1373 dubitat?
488 1312 677 1392 patrocinari
702 1312 900 1397 principibus
930 1319 963 1377 et
992 1334 1131 1377 summos
1167 1312 1254 1377 viros

127 1360 242 1459 habere
265 1395 361 1459 client
347 1401 403 1459 tes.
449 1396 510 1461 Sed
536 1398 613 1462 haec
635 1421 705 1463 rara
728 1398 871 1463 felicitas
917 1398 1046 1464 Nullot
1033 1404 1138 1464 tamen
1157 1398 1254 1463 modo

127 1482 189 1544 dici
218 1486 321 1631 putatet
351 1487 464 1546 orator
512 1484 768 1549 (ausidicust
720 1491 807 1549 este
800 1487 1037 1550 tnummatior
1067 1485 1253 1550 advocatus.

128 1568 206 1631 Nam
223 1574 327 1631 orator
344 1576 392 1643 est
407 1570 453 1633 vir
470 1570 572 1635 bonus
590 1573 713 1636 dicendi
731 1573 810 1654 perit
813 1574 879 1636 us:'
905 1594 959 1653 qur
953 1572 1059 1655 apud
1080 1572 1254 1636 historicos

126 1661 194 1718 tum
224 1660 362 1718 veterum
395 1664 460 1719 tum
494 1679 644 1721 novorum
674 1659 886 1739 exemplorum
911 1659 1032 1741 copiam
1057 1659 1252 1731 observavit,

118 1742 182 1824 ‘qui
206 1764 268 1805 non
293 1742 393 1805 solum
414 1743 493 1824 juris
517 1745 680 1808 anfractus
702 1750 733 1807 et
756 1746 911 1808 eruendae
940 1746 1084 1809 veritatis
1110 1744 1254 1808 latebras

131 1829 199 1892 adit
221 1834 254 1891 et
276 1829 346 1907 scit,
379 1829 432 1892 ubi
464 1831 565 1894 litium
599 1831 692 1894 cardo
718 1839 869 1909 versetur,
905 1832 960 1895 sed
994 1832 1089 1895 etiam
1124 1835 1252 1907 natura,

126 1915 270 1978 doctrina
298 1921 329 1978 et
363 1917 585 1998 experimentis
615 1939 651 1981 eo
681 1918 847 1998 dignitatis
879 1919 976 1993 venit,
1012 1925 1047 1981 ut
1084 1920 1251 1998 „senatum

127 2006 216 2083 regat
246 2001 386 2065 consiliis
413 2009 443 2065 et
473 2004 654 2086 popularem
684 2026 818 2067 errorem
842 2026 897 2086 pro
920 2027 979 2067 sua
1001 2004 1129 2067 solertia
1153 2004 1254 2067 ducat

129 2089 168 2150 ad
182 2086 356 2151 meliora.“²
374 2089 442 2152 Non
457 2096 505 2152 est
519 2092 706 2171 negandum,
724 2091 800 2172 quin
816 2092 960 2155 umbram
975 2097 1006 2153 et
1018 2091 1222 2154 simulacrum
1238 2090 1255 2133 ι

127 2175 262 2239 oratoris
296 2184 384 2256 gerat
420 2176 471 2240 ille
504 2186 606 2239 vester
641 2178 836 2255 Hortensius,
871 2179 932 2241 etsi
966 2183 1088 2258 praeter
1124 2178 1254 2241 inanem

128 2262 353 2343 loquacitatem
377 2267 409 2325 et
436 2262 599 2327 audaciam
624 2270 656 2327 et
678 2263 882 2328 ambitionem
907 2287 940 2326 re
963 2286 1035 2327 vera
1058 2262 1136 2327 nibil
1162 2284 1254 2344 prae·

128 2349 246 2412 clarum
270 2349 301 2411 in
331 2349 437 2413 eodan
475 2351 609 2414 invenio.
666 2349 807 2414 Fortuna
835 2354 866 2413 et
897 2349 983 2430 vulgi
1013 2350 1120 2430 opinio
1151 2349 1256 2413 multa

130 2441 271 2519 possunt.
317 2435 377 2500 Sed
404 2459 473 2499 vera
497 2437 597 2518 gloria
620 2437 740 2500 radices
755 2437 832 2518 agit,
857 2436 983 2500 fortuna
1000 2437 1062 2499 cito
1078 2435 1255 2499 evanescit.

129 2523 326 2605 Quapropter
361 2546 421 2586 nou
455 2523 599 2605 captabis
636 2529 745 2586 ventos
781 2523 911 2587 retibus.
972 2522 1156 2586 Praeferant
1189 2522 1254 2586 tibi

129 2611 221 2691 signa
241 2610 504 2692 praestantissimi
523 2610 602 2692 juvis
625 2617 784 2674 auctores:
809 2610 914 2673 Julius
937 2609 1064 2681 Paulus,
1089 2610 1144 2692 qui
1167 2611 1254 2691 quod

129 2697 263 2778 plurima
275 2697 410 2778 scripsit,
423 2697 527 2760 dictus
539 2704 586 2759 est
598 2719 709 2776 praece.
723 2697 1030 2778 ιιοιιιζιιιριιοιιιοιιο
1051 2701 1084 2758 ιιι.
1096 2695 1257 2760 Domitius

131 2783 293 2864 Ulpianus,
312 2783 323 2821 f
343 2784 389 2847 vir
414 2783 524 2860 bonus,
548 2789 579 2846 et
596 2783 800 2864 Papinianus,
821 2783 901 2864 juris
917 2782 1049 2865 asylum.
1079 2782 1257 2864 Namque⁸

126 2869 158 2934 lii
182 2878 245 2932 tres
268 2869 360 2952 periti
380 2870 460 2951 juris
484 2869 648 2950 coryphaei
674 2876 749 2933 sunt
771 2869 932 2952 appellati,
959 2871 987 2933 n.
1013 2893 1037 2931 e.
1062 2867 1258 2932 excellentes

128 2963 160 3020 et
182 2962 326 3020 tenentes
361 2957 506 3020 verticem
543 2957 694 3019 scientiae
729 2956 846 3036 legalis
902 2956 945 3018 lle
968 2955 1080 3019 ceteris
1105 2955 1257 3019 maximis

124 3043 360 3126 jurisconsultis
391 3044 527 3106 scribam
558 3044 597 3105 ad
627 3050 659 3106 te
688 3043 776 3118 alias,
813 3055 848 3105 ut
883 3042 1027 3124 exempla
1061 3063 1257 3124 proponam;

128 3132 186 3195 deo
207 3131 348 3213 juvante,
381 3130 440 3193 nisi
476 3129 626 3212 proditor,
660 3128 825 3210 transfuga
857 3134 889 3191 et
922 3129 1154 3212 praevaricator·
1185 3150 1257 3192 esse

130 3218 274 3296 volueris,
298 3216 431 3280 alliciam
456 3222 491 3280 ut.
514 3216 674 3297 intelligas
707 3216 857 3298 optimam
895 3215 1034 3279 discendi
1069 3215 1257 3278 rationeml’

128 3305 258 3368 latuisse
282 3326 376 3386 supra
400 3302 484 3367 mille
506 3325 607 3366 annos
630 3307 661 3367 et
684 3324 720 3366 eo
743 3301 889 3383 amplius.
937 3302 1075 3383 Concipe
1104 3300 1255 3365 fiduciam

127 3392 244 3455 omissa
269 3390 465 3454 verecundia.
511 3389 640 3453 Brevior
663 3393 712 3453 est
727 3395 758 3453 et
773 3389 936 3452 amoenior
952 3389 1012 3465 via,
1029 3408 1123 3468 quarn
1142 3388 1255 3451 credis.

129 3477 320 3541 Verecundia
343 3477 465 3540 reducit
489 3476 671 3556 plerumque
693 3476 834 3539 animum
859 3474 976 3550 abbia,
1002 3497 1083 3556 quae
1110 3473 1256 3537 facienda

129 3570 213 3628 sunt.
239 3564 314 3628 Inda
331 3563 474 3627 conlusio
491 3567 523 3626 et
539 3564 642 3644 coepti
661 3562 855 3710 poenitentia
872 3566 903 3623 et
915 3561 1023 3624 subita
1025 3560 1224 3709 desperatio.
1241 3561 1256 3600 ¹³

128 3652 227 3714 Recta
267 3648 393 3731 ingenia
428 3648 574 3712 ιιιιιιιιιιιι.
622 3649 733 3711 tsitu
769 3647 905 3729 quodam
939 3648 1050 3710 secrtei
1084 3647 1253 3709 consumit.

128 3739 255 3820 Optima
286 3743 334 3799 cst
361 3741 415 3798 ιιιιι
418 3758 465 3797 em
500 3734 655 3798 emendati
635 3736 706 3798 tiob
735 3734 940 3798 irracundiae
963 3734 1078 3796 fidncia
1101 3742 1133 3794 et
1155 3732 1255 3797 animi

54 3897 57 3902 ,
129 3848 173 3907 pr
168 3824 352 3886 restantia
386 3830 417 3884 et
452 3844 566 3902 magna
598 3821 801 3895 conscientia,
836 3843 931 3900 quam
964 3843 1066 3902 neque
1097 3819 1255 3901 cupiditas
1323 3900 1325 3909 Ι

129 3911 311 4009 corrumpit,
342 3917 447 3991 grtia
402 3909 592 3985 avertit
627 3914 690 3970 me
694 3929 730 3970 us
753 3907 872 3987 lrangi
896 3927 997 3986 neque
1019 3927 1182 3989 persuasio
1207 3905 1255 3968 in-

129 3998 211 4060 tiniti
187 3997 311 4079 trjuris
334 3997 483 4059 intirtma
536 3959 646 4057 Nain
636 4017 688 4075 jus
715 3994 928 4056 Romanorum
952 3997 984 4056 et
1007 3991 1205 4075 pontificium
1229 3991 1256 4054 si
1321 4054 1325 4059 ,

130 4107 223 4148 nosse
248 4083 342 4158 voles,
367 4104 429 4145 non
454 4081 582 4161 ingenio
606 4017 658 4142 seii
683 4080 817 4143 lectione
841 4086 965 4142 tarnum
989 4100 1069 4160 opus
1102 4083 1159 4155 est,
1193 4098 1257 4158 qua
1320 4152 1325 4159 ι

131 4170 237 4234 nihilh
272 4175 321 4233 est
357 4170 387 4231 ιιι
412 4169 527 4230 studiis
561 4168 664 4229 minus
695 4166 896 4229 laboriosum.
952 4165 1137 4248 Explicatur·
1172 4163 1255 4226 euim
1318 4166 1325 4223 t

130 4256 292 4340 responsis
303 4254 520 4318 consultorum
534 4253 632 4316 autin
647 4253 811 4315 verborum
825 4253 1101 4333 interpretatiorre¹'
1116 4249 1256 4334 positum

201 4477 437 4530 alluvinriTrnr.
474 4475 547 4525 ¹›·.ri
546 4473 620 4526 ·,ιιι
657 4490 669 4515 t
684 4474 762 4526 saciat
751 4473 853 4526 tTr.n
895 4472 1120 4524 lsinnrlacliruru.
1164 4485 1176 4513 ο
1319 4454 1324 4471 '

135 4549 310 4649 puppetenus
358 4550 368 4586 f
380 4545 534 4612 trdpianns
577 4555 715 4611 siranqne.
758 4547 772 4584 1¹
788 4543 852 4595 nihil
870 4560 916 4593 ιιιιι
934 4540 1026 4593 aaran
1042 4540 1105 4607 fehlt
1121 4539 1164 4592 bei
1182 4468 1256 4593 ᾔει,
1318 4556 1325 4567 ·

128 4688 190 4753 ΧΠ
201 4616 370 4754 ¹lllg‘tmition
396 4618 473 4669 Catus
501 4613 553 4666 und
582 4613 696 4665 damach
723 4611 879 4677 Quintiliana
905 4544 1055 4678 X11,1,1l
1140 4588 1325 4687 *Quucj

279 4707 295 4740 '
1314 4636 1325 4837 l
