2774 4966
354 633 461 699 llutian
480 659 515 697 an
534 642 634 699 Urban.
671 631 776 696 llutian
794 659 828 696 an
848 641 996 700 Musurdue.
1181 635 1244 710 253

115 839 184 884 esse
200 819 338 881 cacatas.
371 815 478 893 Miror,
496 835 559 895 quo
576 813 682 877 animo
699 814 881 895 exceperint
898 813 975 877 illud
991 813 1242 880 alchimistarum

112 913 147 969 ut
179 905 310 966 vocant:
345 900 421 979 „Du
443 918 504 959 nen
528 904 569 959 ael
593 904 674 959 enter
696 903 743 958 brt
765 901 864 973 ttamen
889 901 960 972 ligre
981 921 1010 970 io
1036 902 1098 973 teng
1121 908 1171 962 snb
1195 903 1243 979 tu.

112 992 153 1051 bis
174 995 225 1048 bes
249 1006 276 1046 rr
298 987 377 1056 bord)
413 986 549 1060 meinung
580 985 673 1064 trrttig
703 981 789 1044 nube
815 984 854 1060 ”ll
879 987 921 1043 bit
950 986 1051 1063 ttamen
1072 1004 1104 1054 31¹
1127 987 1243 1058 strutar

114 1073 237 1156 Spurca
259 1071 366 1147 verba,
390 1069 537 1150 quamvis
570 1067 736 1130 honestius
766 1067 996 1149 intelligantur.
1042 1068 1106 1130 Nec
1137 1070 1246 1133 credas

112 1159 164 1222 hic
186 1155 265 1221 illud
291 1154 407 1218 amoris
430 1174 511 1234 opus
534 1152 670 1229 ostendi,
694 1151 731 1214 de
755 1172 817 1232 quo
841 1154 886 1216 sic
911 1152 1093 1234 Apulejus:'
1122 1155 1246 1236 „‚Proe-

63 1257 66 1260 ’
114 1243 211 1320 liare‘,
236 1241 343 1322 inquit
365 1237 471 1320 puella
497 1237 617 1313 Photis,
642 1242 684 1314 ,et
706 1236 830 1298 fortiter
853 1237 1015 1319 proeliare.
1062 1237 1126 1302 Nec
1160 1240 1244 1303 enim

114 1329 173 1393 tibi
199 1326 307 1390 cedam
333 1345 391 1387 nec
415 1328 504 1403 terga
533 1327 662 1385 vertam.
709 1319 860 1386 Cominus
883 1323 915 1385 in
938 1327 1112 1405 aspectum,
1141 1326 1167 1388 si
1199 1326 1245 1388 vir

117 1437 159 1492 es,
183 1411 285 1492 dirige
307 1413 340 1474 et
362 1429 507 1490 grassare
529 1407 675 1488 gnaviter
698 1411 730 1469 et
752 1407 859 1470 occide
883 1409 1068 1488 moriturus3
1094 1408 1246 1474 hodierna

116 1519 224 1582 pugna
248 1516 311 1559 non
334 1494 435 1558 habet
456 1493 661 1556 missionem!
706 1491 792 1555 Haec
814 1492 909 1556 simul
932 1492 1041 1556 dicens
1074 1495 1219 1559 inscenso
1233 1507 1247 1535 ⁸

115 1582 286 1667 grabatulo
318 1600 412 1662 super
445 1599 495 1641 me
529 1578 645 1641 sensim
685 1576 826 1640 residens
858 1600 894 1641 ac
928 1577 1037 1642 crebra
1074 1580 1246 1645 subsiliens

114 1666 312 1746 lubricisque
349 1661 495 1745 gestibus
532 1662 681 1726 mobilem
728 1662 851 1744 spinam
896 1665 1046 1745 quatiens
1089 1666 1247 1748 pendulae

115 1753 247 1817 Veneris
270 1750 375 1814 fructu
399 1770 449 1812 me
472 1748 612 1824 satiavit,
637 1768 737 1828 usque
761 1746 834 1809 dum
857 1748 951 1812 lassis
971 1749 1087 1812 animis
1110 1755 1142 1814 et
1166 1774 1248 1815 mar·

116 1839 195 1902 cidis
219 1836 353 1900 artubus
376 1833 543 1914 defatigati
567 1831 663 1895 simul
687 1831 780 1894 ambo
804 1833 988 1910 corruimus,
1012 1835 1095 1898 inter
1118 1842 1247 1902 mutuos

117 1922 286 2005 amplexus
308 1920 432 1984 animas
455 1915 670 1981 anhelantes.“
719 1917 825 1980 Habes
848 1918 967 1982 facetus
991 1919 1127 1984 tabulas.
1172 1922 1247 1986 Vale

116 2015 149 2074 et
172 2029 260 2086 cura,
283 2011 320 2070 ut
343 2003 453 2068 Cicero
475 2004 659 2086 perferatur.
706 2003 739 2064 V.
763 2002 862 2066 Eidus
885 2003 998 2067 Octob.

274 2121 336 2176 Cod.
354 2120 421 2174 Frcf.
440 2119 499 2173 247.

118 2378 231 2448 (cotes)
645 2359 714 2421 199.
1014 2345 1060 2430 res
1073 2377 1128 2433 oe.
1149 2381 1247 2449 (1512).

451 2484 593 2553 lllutiun
617 2505 666 2553 an
689 2484 915 2554 Musardus²

119 2614 275 2681 (Vorwttrse,
285 2614 348 2666 dass
366 2630 394 2664 cr
408 2613 457 2664 ders
476 2613 653 2674 lbrtiimnder,
664 2613 850 2665 readinesslich
867 2613 912 2664 der
931 2613 1027 2665 Pastor
1045 2632 1094 2666 rora
1113 2615 1247 2684 Olrrdruff,

120 2685 191 2736 nocht
216 2687 307 2735 amerit.
344 2681 453 2732 Mutabit
478 2680 606 2732 ecraclrlct
630 2681 714 2732 eolalie
741 2681 847 2746 chrrar,
871 2681 913 2732 dic
936 2698 991 2733 azur
1013 2682 1068 2748 oras
1090 2684 1249 2737 demere-ero

123 2753 245 2820 cumeae.
282 2751 338 2803 Zur
357 2749 481 2801 Hoclueit
499 2749 568 2800 uird
584 2766 612 2800 cr
629 2765 684 2800 arur
695 2749 739 2799 eiu
755 2749 885 2801 tresclens
895 2750 1022 2813 sctrictcn,
1035 2752 1108 2803 eiiciet
1119 2753 1247 2807 lemmate.

469 2817 616 2869 Bremrmets
633 2817 691 2868 und
708 2817 810 2868 Dulcis’
832 2818 899 2878 Tou.)

188 2934 337 2994 spectato
366 2932 434 2981 viro
465 2931 505 2980 H.
533 2928 692 2987 Mueardo,
723 2931 822 2980 amico
852 2943 915 2981 non
945 2933 1181 2993 contemnendo,

599 3016 644 3065 Μ.
664 3015 775 3066 Rufus.

222 3129 254 3192 S.
300 3129 389 3204 Ores,
414 3132 450 3191 ut
472 3127 691 3208 respondeam.
730 3127 887 3191 Exorasti.
926 3127 1249 3195 Timidiculushomo

120 3237 161 3291 es,
184 3214 212 3277 si
245 3235 358 3278 nomen
394 3212 604 3294 exploratoris
639 3234 701 3276 non
737 3215 835 3277 audes
869 3214 1044 3276 enuntiare.
1090 3213 1137 3276 An
1172 3215 1248 3278 mihi

124 3299 242 3363 diffidis
267 3304 419 3380 tanquam
443 3319 559 3361 arcana
582 3299 745 3379 prodituro
768 3321 808 3362 an
834 3299 1040 3380 conspirastis
1060 3298 1250 3382 interposito

118 3384 325 3467 jurejurando
357 3385 446 3447 velut
478 3383 658 3446 sacerdotes
690 3385 767 3447 deae
801 3384 990 3447 Eleusinae?
1047 3383 1249 3466 Pythagorici

124 3493 184 3534 non
225 3469 503 3533 communicabant
547 3491 604 3532 sua
642 3492 731 3532 sacra
766 3492 835 3532 eum
876 3470 1023 3552 profanis.
1083 3470 1251 3553 Utcunque

120 3557 173 3633 sit,
208 3556 345 3619 arbitror
380 3577 449 3618 eum
485 3577 552 3617 esse
587 3555 877 3630 archimandritam,
915 3555 969 3634 qui
1007 3555 1082 3618 olim
1120 3549 1251 3637 indigne

119 3643 195 3705 tulit
231 3640 445 3704 Alexandrum
470 3663 488 3702 a
511 3640 592 3702 Villa
623 3637 695 3703 Dei³
723 3640 818 3723 vulgo
842 3642 903 3703 dici
927 3640 1063 3717 Gallum,
1099 3642 1250 3722 ignorans

119 3727 242 3790 scilicet
276 3726 325 3789 bis
357 3726 483 3789 Gallum
519 3724 628 3801 fnisse,
662 3725 723 3788 hoc
752 3731 802 3789 est
832 3731 953 3788 castum
988 3727 1182 3788 sacerdotem
1218 3734 1250 3793 et

120 3813 252 3876 natione
276 3811 413 3874 Gallum.
458 3810 621 3890 lnterrogu
645 3809 817 3873 Urbanum.
865 3811 981 3873 Audies
1010 3810 1151 3874 fabulam
1175 3814 1250 3877 ridi·

121 3897 234 3960 culam.
282 3895 397 3958 Pastor
420 3902 469 3957 est.
492 3894 756 3977 Orlradorplrius‚⁸
781 3902 811 3959 et
834 3897 859 3958 si
885 3919 920 3957 ea
943 3897 1053 3959 retulit
1075 3918 1156 3977 quae
1179 3921 1251 3962 nar-

119 3985 207 4052 rasti,
240 3982 381 4064 prolecto
406 3986 507 4043 meet
533 4002 617 4042 meos
653 3981 796 4062 despicit.
843 3981 914 4044 Sint
946 3980 1135 4046 favorabiles
1166 3986 1249 4067 apud

187 4232 329 4270 ⁵1nccnso.

191 4289 200 4319 ¹
219 4285 347 4354 Apulejus
360 4285 564 4353 Metamorplms.
583 4285 617 4351 ΙΙ,
639 4287 677 4338 17.
714 4286 785 4338 Fotis
804 4286 850 4338 dor
868 4285 952 4338 Nemo
965 4287 1011 4338 dci·
1023 4287 1166 4339 Geliobtcn.
1197 4287 1251 4341 Das

118 4354 190 4406 utut
208 4356 255 4407 der
272 4354 454 4420 schmutzigou
475 4354 555 4407 Stelle
574 4359 654 4406 neunt
672 4355 706 4408 Μ,
727 4356 812 4406 tuceta
830 4355 925 4408 subula.
955 4356 1013 4423 l'gl.
1029 4356 1071 4407 die
1086 4357 1252 4425 llernorlrung

120 4421 148 4475 S.
167 4423 184 4474 6
202 4426 233 4476 Α.
257 4427 278 4474 l.
332 4423 418 4490 rugi.
439 4421 480 4474 Br.
503 4424 558 4476 197.
623 4427 633 4453 ³
652 4423 799 4475 Alexander
817 4423 908 4474 Gallus
926 4425 958 4475 de
979 4424 1048 4475 l'illu
1066 4425 1122 4486 noi,
1141 4426 1250 4478 lrauzbs

120 4490 276 4544 Kanoniltus
296 4508 318 4545 z.
337 4493 395 4543 Ans.
415 4493 439 4543 d.
462 4493 499 4543 13.
518 4492 570 4550 lh„
589 4491 693 4543 schrieb
717 4492 775 4542 eine
799 4491 960 4543 Grmnnrutil
980 4492 1005 4544 in
1025 4492 1118 4544 leonin.
1143 4493 1250 4554 Versen,

118 4559 173 4678 plag
186 4559 353 4681 allgepppirrppr
364 4559 505 4612 Iehrbuch
524 4560 571 4611 des
591 4559 623 4611 Μ.
645 4564 684 4626 A„
703 4562 791 4612 zuorst
809 4559 873 4611 l'cu.
893 4576 938 4611 um
960 4561 1094 4613 1470-73
1111 4562 1182 4629 gedr.
1284 4617 1287 4621 ,

173 4644 207 4681 on
351 4667 357 4679 ,
