2774 4966
542 614 647 676 Mation
666 638 700 677 an
720 622 821 679 Urbnn.
1206 627 1248 691 99

123 794 275 879 Cytherea
294 796 389 879 jubet
409 818 468 861 sua
490 796 576 861 furta
597 797 727 875 taceri“‚
751 802 783 862 et
802 798 893 862 alibi:
920 799 1055 881 „Persen
1078 800 1139 863 erit
1160 799 1248 864 lucro

124 883 228 964 lingna
261 888 387 947 retenta
415 881 501 946 tu0.“
548 881 604 948 Sin
635 890 741 946 autem
777 886 849 965 quis
882 884 1060 948 clanculum
1097 885 1248 949 Morianis

124 969 249 1032 auribus
272 969 441 1032 instillaret
465 968 541 1032 baec
565 969 673 1031 verba:
707 970 830 1051 „Paten
854 972 990 1053 peccavi,
1016 971 1193 1033 Matianum
1216 976 1249 1034 et

125 1053 319 1136 Spoletinum
343 1062 375 1119 et
396 1054 557 1118 Urbanum
582 1056 686 1130 derisi,
715 1057 866 1119 conviciis
896 1056 983 1120 falsis
1009 1057 1152 1134 adobrui,
1179 1079 1248 1139 per·

126 1140 191 1203 dere
212 1149 246 1205 et
268 1141 394 1222 exigere
418 1140 534 1215 volui“‚
558 1146 625 1204 tum
650 1141 767 1205 diceret
789 1143 898 1205 tarrlns
921 1143 1091 1206 abdomine
1122 1150 1246 1206 venter:

131 1225 226 1306 „Nihil
250 1227 399 1310 peccasti,
424 1227 573 1291 invenisti
597 1229 731 1309 gratiam
761 1229 844 1309 apud
873 1228 1064 1291 dominum.“
1112 1228 1248 1293 Ofrau-

131 1312 191 1376 deni
214 1313 389 1377 sacrorum!
438 1313 587 1376 Horatius
603 1315 769 1395 praecipit:
797 1315 972 1395 „Arcanum
992 1337 1093 1395 neque
1108 1321 1143 1377 tu
1160 1337 1248 1378 scru-

130 1399 237 1462 taberis
261 1400 357 1464 ullius
379 1398 549 1480 unquam.“
596 1397 643 1462 ru
668 1401 715 1462 vis
742 1402 821 1464 scire
851 1407 972 1464 secreta
1008 1401 1181 1478 bominum,
1212 1408 1248 1465 ut

135 1506 234 1549 noceas
258 1493 290 1549 et
314 1490 480 1566 quaestum
505 1484 612 1548 iacias.
652 1485 722 1549 Non
746 1487 838 1549 credo
862 1486 979 1550 Stoicis
999 1488 1077 1551 istis.
1119 1486 1249 1568 „Frouti

136 1571 208 1634 nulla
222 1572 308 1635 fides.
334 1570 410 1647 Quis
426 1572 510 1634 euim
528 1593 589 1633 non
609 1572 695 1634 vicus
707 1573 849 1635 abundat
864 1572 1023 1635 Tristibus
1035 1573 1244 1636 obscoenis?“

138 1654 201 1731 Quis
220 1680 276 1720 sua
298 1658 480 1721 committat
510 1657 565 1720 tali
597 1657 764 1722 furcifero?
810 1658 885 1721 Plus
916 1681 1026 1740 peccas
1056 1659 1245 1723 confitendo.

141 1742 206 1816 uuir
227 1742 310 1807 bunc
334 1743 462 1824 putabis
485 1743 666 1807 taciturum.
691 1746 745 1827 qui
769 1745 894 1826 publice
921 1745 1051 1808 damnat
1074 1766 1132 1808 nos
1155 1746 1248 1809 iuno-

141 1835 228 1892 centes
242 1853 261 1893 a
277 1828 390 1910 tergo?
420 1829 585 1892 Neminem
604 1837 737 1904 veretur,
762 1832 938 1894 contemnit
953 1853 1072 1905 omues,
1091 1831 1246 1894 neminem

143 1910 227 1994 diligit
248 1917 309 1979 nisi
332 1915 495 1978 conscium
527 1916 610 1979 ritae
641 1917 927 1997 inquinatissimae.
973 1916 1050 1993 Quis
1080 1917 1245 1980 mirabitur

144 1996 217 2063 istam
245 2001 400 2083 gloriam?
433 2003 459 2064 si
493 2022 554 2064 uon
588 2003 693 2084 potius
725 2010 771 2066 est
803 2004 1016 2066 ostentatio·
1061 2002 1166 2066 Facile
1199 2012 1249 2067 est

146 2087 247 2150 rusticis
262 2089 432 2169 imponere,
449 2090 566 2168 quibus
583 2095 691 2170 pastor
714 2088 857 2170 praefuit.
898 2089 1042 2152 Urbanos
1065 2089 1248 2170 Mutiosque

148 2189 195 2232 non
220 2173 260 2237 ita
290 2174 388 2238 fallet.
434 2172 611 2237 Contrahat
645 2198 719 2238 suas
754 2175 893 2255 legiones
923 2182 955 2238 et
984 2174 1114 2252 auxilia,
1147 2176 1248 2238 minor

150 2260 230 2320 tamen
251 2262 308 2324 erit
332 2259 489 2342 praesidio
517 2268 636 2323 nostro.
684 2262 858 2344 rlrripietur
885 2262 1014 2325 tandem
1036 2263 1067 2324 iu
1092 2261 1249 2344 praejudi-

150 2340 212 2404 cium
230 2350 258 2407 et
280 2369 351 2410 reus
374 2347 561 2409 sententia·
584 2347 738 2410 bonorum
755 2352 932 2430 peragetur.
977 2347 1043 2412 Nos
1064 2369 1248 2412 maneamus

152 2425 175 2486 in
197 2429 298 2503 officio,
334 2432 503 2513 diligamus
536 2454 592 2496 nos
624 2440 743 2496 mutuo.
789 2435 822 2497 Si
850 2434 1069 2516 jusjurandum
1104 2435 1249 2514 exigisa

152 2531 195 2575 tue.
205 2515 265 2595 juro
279 2527 423 2582 sanctam
444 2519 640 2589 fidelitatem,
660 2522 872 2602 quamquamb
891 2521 969 2582 tides
989 2521 1168 2583 amicitiae·
1186 2541 1247 2584 non

152 2600 233 2679 erigar.
252 2604 473 2686 syngraphum,
497 2612 533 2669 ut
556 2606 667 2669 scribit
691 2608 722 2668 iu
746 2607 889 2688 epistolis
914 2605 1162 2687 Symmachus.⁰
1187 2613 1191 2624 '

228 2688 338 2754 lacidit
360 2692 392 2753 in
418 2712 530 2753 manns
554 2713 638 2754 meas
660 2691 809 2754 Chiliani'
829 2713 918 2773 oppa,
936 2694 1062 2774 plenum
1081 2692 1247 2765 erroribus,

154 2768 267 2839 telenum
300 2778 397 2850 vitiis,
426 2783 551 2841 scatens
574 2778 789 2840 barbarismis.
834 2778 944 2860 Neque
972 2779 1039 2841 fieri
1072 2785 1186 2860 potest,
1215 2788 1248 2840 nt

153 2856 221 2948 pulpa
244 2862 452 2927 transferatur
476 2864 506 2926 in
535 2864 690 2940 librarios,
719 2885 851 2944 qnorum
881 2871 987 2928 tamen
1019 2865 1169 2927 notabilia
1201 2870 1248 2926 est

154 2946 247 3010 iuterim
270 2949 377 3012 nescio
400 2947 531 3031 perfidia
554 2949 654 3012 dicam
679 2971 718 3012 an
743 2950 945 3031 negligentia.
992 2949 1111 3013 Scribit
1133 2950 1172 3012 ad
1199 2971 1249 3012 me

153 3028 211 3090 satis
229 3039 347 3099 temere.
394 3035 473 3099 Nam
498 3035 632 3099 laudans
655 3036 822 3117 vituperat.
870 3035 1075 3099 lllalefaciunt
1091 3037 1184 3099 amici
1200 3036 1247 3098 vel

155 3110 313 3194 llrgentinae.
338 3119 387 3184 vel
412 3121 653 3204 Vuyttenburgi,
678 3122 809 3183 nimium
835 3123 911 3184 mibi
935 3122 1121 3186 tribuentes.
1169 3122 1249 3185 Hinc

154 3197 281 3271 adiuuet
304 3209 434 3285 invidia,
466 3228 527 3270 non
560 3230 647 3271 amor
676 3207 808 3270 atlans.
855 3208 982 3271 Stultus
1012 3208 1073 3286 ille,
1105 3209 1249 3290 quisquis

153 3279 205 3353 {rit
218 3295 262 3373 qui
279 3295 424 3377 scripsit:
451 3293 632 3373 „Mutianus
656 3294 859 3356 doctissimus
876 3293 1151 3358 Germanorum.“²
1190 3293 1248 3357 Lo-

152 3374 239 3467 cutio·
258 3381 364 3463 proba.
403 3379 488 3443 Nihil
513 3382 594 3443 euim
618 3379 705 3442 uliud
723 3380 892 3461 significat,
917 3403 1009 3462 quam
1028 3403 1077 3442 me
1093 3403 1160 3442 esse
1176 3380 1249 3443 doc-

153 3461 276 3528 tissimum
300 3471 333 3528 et
356 3466 558 3529 Germanum.
605 3464 667 3527 Sed
699 3467 791 3547 pauci
815 3467 860 3528 sic
883 3468 1053 3547 accipiunt,
1082 3466 1161 3529 falso
1190 3488 1248 3548 pu-

153 3547 230 3611 lantes
243 3552 339 3616 tribui
356 3552 448 3614 nobis
466 3553 675 3633 principatum
694 3553 866 3615 doctrinae.
908 3553 1021 3615 Eodem
1040 3553 1132 3616 morlo
1149 3552 1249 3615 falsus

151 3638 186 3693 est
205 3634 368 3711 Clitianus,
400 3644 435 3700 ut
457 3638 551 3721 palpo
576 3661 632 3701 nos
657 3640 826 3701 incesseret
858 3646 1074 3719 pungeretque
1105 3639 1248 3700 latenter.

151 3711 236 3786 l'ellnm
259 3726 376 3787 scirent
398 3726 524 3797 eruditi,
552 3748 615 3806 qua
646 3726 745 3786 surn¹l
772 3726 984 3806 simplicitate.
1015 3747 1108 3805 quam
1140 3745 1248 3805 parum

149 3805 204 3869 milri
225 3833 352 3874 sumam.
399 3811 432 3873 ln
457 3813 591 3893 epistola
622 3811 778 3892 Spalatini
803 3813 841 3873 arl
866 3833 932 3883 nos,
965 3834 1046 3891 qnare
1075 3816 1122 3872 est
1151 3832 1250 3892 nuper

147 3891 233 3969 edita,³
255 3897 371 3977 legitur
393 3921 409 3958 c
434 3920 488 3980 pro
512 3903 526 3959 t
550 3899 579 3961 iu
605 3900 716 3959 sentin.
766 3898 830 3959 lloc
859 3904 995 3959 erratum
1024 3919 1170 3978 exprunge
1200 3898 1247 3960 vel

146 3999 237 4047 excusa
261 3984 405 4046 mendam
430 3986 622 4047 anctoritate
645 3982 788 4047 Caesaris
814 3984 958 4063 Augusti,
986 3985 1039 4065 qui
1064 3990 1145 4047 teste
1169 3981 1249 4046 Sue·

193 4123 238 4172 rei
255 4126 288 4172 at.
306 4121 334 4173 ti.
398 4124 583 4187 bquanquam.
655 4119 836 4185 <syrannum
908 4119 979 4168 cm.
999 4117 1070 4169 nicht
1088 4119 1146 4169 siur.

193 4193 199 4221 ¹
219 4191 366 4242 turrianus
385 4191 523 4242 routardo
542 4187 693 4241 bellesmi.
713 4205 763 4239 arc.
785 4204 849 4253 mag.
870 4189 962 4242 t'olun.·
990 4187 1100 4239 immatr.
1123 4188 1154 4236 W
1158 4187 1247 4241 ittenlr.

140 4255 190 4309 libi
217 4259 384 4327 (Fbrstem.
405 4277 426 4326 p.
451 4262 499 4326 la).
536 4258 598 4310 Scin
627 4257 721 4308 ll'erk:
748 4256 883 4308 t¹lriliauns
910 4274 991 4324 eques
1020 4256 1249 4308 llellerstndiensis

137 4324 260 4382 Comoedia
279 4329 425 4382 llorotlrone
443 4329 591 4395 passionem
612 4327 760 4393 depingens.
790 4326 857 4392 lips.
879 4328 950 4379 root.
1006 4325 1086 4377 ²l‘lr.
1108 4325 1198 4377 Znslus
1216 4341 1248 4378 an

134 4393 208 4453 lbani.
235 4399 307 4451 ll'oli
332 4400 412 4450 lr'rlltl:
437 4397 567 4449 »llutiuno
592 4395 675 4448 llull'n.
700 4395 887 4447 Gerrunuururu
908 4395 1058 4447 doctissimo
1077 4404 1101 4445 et
1121 4395 1164 4461 qui
1184 4394 1249 4446 ulter·

135 4464 203 4521 l'arro
220 4469 244 4521 in
263 4468 404 4534 omnigena
416 4467 450 4518 sit
463 4467 580 4519 doctrina
592 4463 838 4532 ,jasper-tissime„
870 4464 936 4515 Zasii
956 4463 1019 4530 Epp.
1039 4464 1077 4515 eu.
1101 4462 1247 4527 llrogger.

132 4532 183 4590 l'lur
203 4539 278 4591 1ῖῖ4.
298 4554 320 4603 p.
340 4536 398 4588 35¹0.
452 4536 508 4588 'In
529 4537 588 4586 deni
612 4552 660 4584 rna
679 4533 795 4600 Spalntin
816 4534 966 4600 trcrnusgeg.
986 4533 1025 4582 33.
1043 4530 1144 4583 l'salnro
1160 4532 1248 4591 u'elts,

129 4604 172 4660 br.
192 4608 266 4661 1501.
298 4604 503 4659 ltedikationsbr.
524 4622 547 4658 r.
570 4602 606 4655 18.
626 4605 696 4670 Sept.
719 4605 791 4659 labli.
810 4603 872 4669 tolgt
890 4605 929 4654 uls
948 4601 992 4654 Nr.
1012 4602 1069 4653 abu
1100 4603 1154 4652 Ans
1176 4603 1249 4654 dom·

127 4677 207 4731 selben
226 4675 271 4732 Br.
290 4675 379 4728 citiert
398 4672 431 4727 u.
450 4674 476 4726 in
495 4673 540 4727 ΧΥ.
563 4674 609 4724 llt
629 4672 670 4723 uie
690 4671 883 4740 Vorgleiebung
901 4670 949 4722 mit
967 4669 1070 4778 Plipips
1087 4670 1143 4723 urul
1160 4670 1253 4724 l'urro.

1009 4762 1017 4808 l
