2774 4966
1031 420 1037 433 Ι

540 621 643 676 Mutiau
662 640 695 676 an
717 621 815 680 Urban.
1175 626 1237 692 325

113 794 291 863 inania?“¹
339 795 431 873 Quid,
465 797 593 872 malum,
627 797 689 860 ista
723 796 783 860 sibi
812 798 881 860 vult
913 795 1101 862 frustratio?
1143 796 1240 862 Nulla

116 885 240 948 ratione
264 883 382 946 factum
405 882 539 958 videtur,
556 886 592 946 ut
608 888 771 964 poetarum
794 883 878 946 acies
899 885 1016 946 temere
1039 889 1237 947 concurrant.

116 970 195 1033 Nam
219 975 331 1033 neutra
355 990 436 1051 pars,
460 971 519 1032 etsi
544 975 675 1051 utraque
699 970 799 1050 gloria
815 974 847 1033 et
862 969 959 1032 animi
976 969 1112 1034 elatione
1133 974 1240 1034 osten·

115 1057 248 1120 tationis
271 1078 366 1118 causa
390 1055 526 1129 dimicet,
550 1056 744 1137 triumphum
770 1062 801 1120 et
824 1057 961 1136 insignia
991 1057 1142 1119 laureae⁸
1164 1078 1238 1120 con-

115 1146 273 1225 sequetur,
304 1142 358 1204 sed
389 1142 520 1205 victoria
550 1141 649 1205 stabit
680 1165 775 1224 penes
805 1163 868 1219 eos,
904 1143 958 1224 qui
990 1139 1141 1223 parvulis²
1173 1144 1239 1206 suis

114 1230 229 1293 timent
261 1226 407 1309 navigiis
447 1249 527 1310 quos
561 1229 667 1291 livoris
709 1229 823 1292 tineab
855 1233 983 1307 comest,
1017 1228 1070 1309 qui
1104 1228 1238 1292 alienam

116 1314 295 1379 facundiam
326 1314 411 1377 laeta
439 1314 543 1377 fronte
571 1314 710 1395 accipere
740 1337 802 1379 non
834 1320 977 1397 possunt,
1010 1315 1065 1395 qui
1095 1314 1239 1397 frugibus

114 1401 253 1466 inventis
275 1399 379 1463 adhue
401 1399 516 1481 glande
537 1406 708 1464 vescuntur
733 1407 765 1465 et
787 1401 942 1484 politioris
958 1401 1120 1465 doctrinae
1138 1402 1239 1465 lucem

115 1509 185 1551 vere
208 1487 396 1550 noctuinis⁰
418 1487 584 1551 intuentur
614 1487 722 1550 oculis.
770 1487 932 1569 Ejusmodi
967 1486 1110 1551 homines
1145 1487 1238 1571 vulgo

115 1574 290 1638 sanctiores
314 1571 415 1637 babiti
439 1573 503 1655 jam
533 1573 649 1636 multos
680 1596 781 1637 annos
811 1574 903 1637 bonis
935 1573 1080 1654 ingeniis,
1114 1575 1238 1638 vitiosis

116 1665 148 1724 et
170 1660 330 1723 mendosis
358 1660 542 1742 praeceptis,
566 1682 605 1722 ne
629 1661 721 1739 nugis
746 1660 859 1737 dicam,
889 1661 1108 1742 imposuerunt
1130 1665 1162 1724 et
1184 1683 1238 1744 per

116 1750 309 1829 quaestuosa
338 1744 506 1828 sophorum
535 1747 700 1826 gymnasia
722 1752 876 1827 vagantes
903 1747 1039 1828 turpiter
1067 1745 1238 1829 decerpunt

117 1833 252 1896 corrasis
287 1831 427 1912 undique
463 1832 656 1895 mercedulis.
703 1832 820 1895 Venere
856 1854 954 1912 nuper
988 1833 1239 1914 impeditissimis

116 1918 284 1981 itineribus
309 1940 456 1981 romanae
479 1919 585 1981 literae
611 1940 779 1999 paucorum
804 1919 960 1980 industria
983 1919 1134 1982 liberatae
1158 1919 1238 2001 peri-

116 2005 196 2068 culo
253 2003 386 2086 Excepit
421 2027 472 2066 cas
507 2005 649 2067 studiosa
683 2005 835 2086 juventus
874 2005 1101 2084 elegantiarum
1136 2006 1237 2067 avida.

116 2091 188 2154 Dixi
213 2090 353 2154 feliciter.
401 2090 572 2173 Sperabam
598 2092 662 2153 fore
687 2099 722 2153 et
746 2092 776 2152 iu
803 2091 868 2153 dies
894 2091 992 2172 magis
1021 2092 1163 2172 vigerent
1192 2091 1238 2152 in-

117 2177 210 2258 genia
234 2182 265 2239 et
287 2198 417 2259 graecae
440 2177 620 2257 latinaeque
647 2177 756 2240 literae
779 2202 797 2240 a
821 2177 885 2239 situ
906 2184 936 2239 et
960 2178 1104 2259 squalore
1135 2178 1238 2240 vindi·

116 2268 262 2328 carentur
285 2264 411 2327 sublata
434 2263 470 2325 de
495 2263 597 2326 medio
627 2264 773 2327 barbaria
805 2263 959 2345 multique
984 2264 1238 2346 praeceptoribus

116 2350 242 2414 disertis
266 2357 296 2413 et
319 2350 468 2414 librorum
493 2351 582 2433 copia
606 2350 707 2432 adjuti
730 2352 892 2427 florerent3
915 2350 955 2412 ob
979 2350 1010 2412 id
1034 2351 1127 2414 modo
1156 2349 1239 2414 bunc

115 2437 208 2501 modo
242 2436 340 2514 illum,
367 2441 403 2499 ut
435 2436 566 2500 desertis
589 2436 804 2501 literatoribus
838 2437 1013 2500 veternosis
1047 2437 1236 2518 praeclaram

118 2523 328 2587 eruditionem
352 2529 558 2606 capesserent,
584 2522 741 2586 hortabar.
786 2524 906 2596 Inveni,
930 2522 983 2605 qui
1001 2523 1080 2585 bene
1097 2524 1237 2588 monenti

115 2610 379 2691 obtemperarent.
427 2609 487 2671 Alii
519 2610 730 2692 eloquentiam
755 2610 787 2673 in
808 2610 887 2691 juris
909 2609 1102 2692 professione
1131 2615 1238 2673 osterr-

114 2696 239 2767 tabant,
263 2697 315 2759 alii
339 2696 462 2778 poetico
491 2695 601 2759 ardore
631 2697 753 2758 accensi
786 2697 970 2778 dignitatem
1003 2696 1152 2759 carminis
1182 2697 1238 2759 ad·

115 2783 267 2846 mirantes
288 2783 454 2865 jactabant
477 2804 534 2845 sna
558 2788 710 2864 poemata,
736 2783 789 2845 alii
813 2783 921 2846 stilum
944 2783 1139 2863 castigantes
1157 2780 1235 2845 nibil

116 2869 179 2932 uisi
202 2868 320 2932 cultum
346 2874 401 2931 aut
424 2869 509 2948 loqui
533 2875 589 2931 aut.
612 2869 747 2931 scribere
770 2869 949 2960 tentabant,
994 2868 1104 2949 ltaque
1119 2869 1236 2950 gaude-

117 2955 189 3018 bam
224 2962 255 3018 et
285 2955 436 3017 studiosis
469 2955 660 3035 gratulabar.
707 2955 768 3018 Sed
799 2977 816 3019 o
845 2977 946 3018 mores
975 2955 1189 3026 barbarorum,
1218 2977 1236 3018 ο

117 3041 271 3104 ῐταηάειῃ,
293 3040 476 3122 capitalem!
522 3042 710 3104 Pervertunt
744 3041 802 3103 boe
836 3041 955 3105 bonum
991 3041 1131 3123 magistri
1167 3064 1236 3104 cum

116 3128 238 3208 ingenti
277 3148 442 3210 puerorum
482 3128 604 3190 damno.
661 3128 695 3191 ln
734 3128 849 3209 quibus
887 3135 922 3190 ut
957 3150 1027 3190 acre
1065 3129 1237 3209 ingenium,

115 3214 266 3289 studium,
291 3213 440 3288 laborem,
464 3214 671 3295 vigilantiam,
697 3214 889 3296 religionem,
923 3215 1102 3278 castitatem
1133 3214 1237 3289 laude,

116 3301 161 3363 ita
186 3299 300 3362 damno
323 3300 540 3381 pertinaciam,
570 3301 731 3376 invidiam,
763 3301 1026 3373 malevolentiam,
1060 3301 1238 3364 teterrimas

115 3385 245 3448 humani
284 3386 380 3448 animi
419 3392 533 3466 pastea,
573 3407 653 3466 quae
691 3388 756 3450 suis
794 3387 939 3450 sordibus
977 3408 1081 3449 carere
1117 3386 1238 3467 nolunt,

116 3472 278 3534 doctrinae
312 3472 432 3534 meliori
456 3494 517 3534 non
552 3473 667 3549 favent,
698 3473 859 3553 juventuti
894 3473 1120 3555 praestantiam
1156 3473 1238 3554 opti-

115 3580 236 3620 marum
268 3559 383 3621 artium
413 3558 556 3619 invident
589 3565 620 3620 et
649 3581 753 3621 secum
785 3560 947 3621 universos
981 3557 1180 3627 stult-iterem,
1205 3564 1240 3621 ut

115 3645 162 3707 ita
185 3644 298 3717 dicam,
322 3641 495 3706 triremem³
513 3646 721 3707 conscendere
735 3645 857 3725 jubent.
904 3645 1011 3725 Apage
1030 3645 1107 3707 istas
1125 3644 1237 3720 febres,

116 3730 177 3792 ista
194 3730 421 3793 carcinomata!
469 3731 545 3806 fluis
570 3729 648 3793 ferat
672 3731 730 3794 lroc
754 3752 868 3793 novum
893 3731 1019 3794 scelus?
1064 3731 1142 3793 llcce
1165 3731 1239 3812 quia

117 3817 292 3879 contractis
315 3816 458 3879 barbaris
475 3818 574 3898 copiis
589 3818 707 3880 latinas
724 3817 868 3880 cobortes
885 3816 998 3898 pellere
1015 3839 1076 3879 uon
1096 3822 1239 3899 possunt,

117 3903 310 3966 insidiantur
344 3908 375 3965 et
410 3903 488 3965 elam
524 3925 577 3984 per
612 3902 716 3966 dolum
755 3903 849 3966 exilio
882 3903 1034 3966 mulctare
1069 3902 1239 3965 nituntur*

117 3988 313 4052 Existimant
347 3988 433 4052 nulla
463 4012 494 4051 re
525 3990 618 4052 citius
652 3990 792 4071 superari
826 4011 927 4071 posse,
960 4011 1053 4071 quam
1086 3990 1112 4051 si
1143 3989 1238 4052 alium

124 4075 263 4155 ejusdem
295 4082 399 4138 sectae
426 4075 465 4137 ad
489 4075 707 4139 sustinendum
743 4076 892 4156 impetum
928 4075 1141 4157 opposuerint.
1186 4074 1239 4138 Sic

120 4161 250 4224 lacessit
287 4160 467 4224 Tiloninnm
507 4160 627 4224 Cordus
666 4162 835 4243 sophorum
874 4162 999 4225 vafritie
1037 4162 1238 4239 subornatus,

185 4397 200 4423 a
218 4382 307 4434 laurea
328 4382 399 4434 Terra.
471 4388 483 4424 b
498 4384 566 4436 linea
587 4383 658 4434 Terre.
728 4383 886 4435 cnoeturnis
907 4383 978 4434 'liure

194 4450 308 4503 ¹Psalnr
329 4452 352 4515 ⁶2,
375 4453 394 4504 l.
466 4452 654 4520 ²,lusprelung
678 4455 723 4504 aul
744 4453 793 4503 ‹len
812 4451 1025 4504 Aristotelia-lien
1051 4448 1187 4502 Parvulos.
1213 4449 1238 4501 S.

117 4521 168 4573 322
187 4523 216 4573 A.
237 4523 260 4572 ι’).
300 4520 421 4572 (lemeint
439 4521 496 4574 sind
515 4523 557 4573 dio
576 4522 780 4574 scholastiscben
806 4521 980 4588 Philosophen
999 4521 1044 4572 der
1062 4519 1112 4570 Erf.
1135 4517 1238 4583 Sebule,

116 4606 198 4657 gagen
216 4588 319 4641 welche
337 4588 437 4641 Tilonin
455 4592 576 4658 lra'mpfte.
641 4591 829 4659 ³Anspielung
848 4591 893 4642 auf
909 4589 1018 4643 Brandts
1037 4586 1220 4641 Narrousebitt'.

115 4662 125 4690 ⁴
144 4658 205 4711 blan
222 4659 307 4727 gieng
325 4659 418 4711 darauf
434 4676 489 4727 aus,
507 4659 606 4713 Tilonin
625 4677 658 4713 zu
676 4660 829 4713 vertreiben.
