2774 4966
453 80 473 101 's

123 639 235 694 Publius
253 657 287 694 au
306 643 406 701 Urban.
442 646 556 700 Publius
575 663 609 700 an
628 647 772 717 Nepotiau.
809 647 911 702 Vulcan
930 665 965 702 an
984 650 1127 718 Nepotian.
1164 653 1228 717 517

93 820 181 880 mata
217 816 321 881 Asini*
364 819 565 882 remittimus
626 817 680 901 Τῷ
712 817 785 902 θεῷ
817 807 965 904 χάριτας,
999 822 1063 885 imo
1094 826 1127 886 et
1159 823 1230 901 tibi,

96 903 287 966 venerabilis
310 907 455 984 pateret
478 904 613 967 domine.

287 988 361 1069 „Ille
383 987 571 1066 satisfaciat,
597 991 651 1072 qui
674 1011 709 1052 se
730 993 933 1054 contemnere
956 989 1039 1054 dixit

284 1095 343 1136 nec
365 1072 474 1136 calicis
496 1073 589 1137 vilem
614 1074 785 1156 frigidioris
807 1072 971 1155 aquam.“²

254 1173 314 1227 Cod.
334 1172 400 1225 llos.
419 1173 477 1226 436.

93 1359 187 1414 eon..
625 1346 698 1410 453.
906 1316 911 1325 ’
998 1362 1040 1415 22.
1059 1361 1132 1414 rar¹
1154 1363 1227 1416 1515.

432 1468 591 1541 Publius
613 1490 662 1539 an
684 1469 895 1557 Nepotiani

94 1594 251 1663 (Spdita'sebe
279 1595 478 1664 Bcnrerlrsnpen
502 1597 567 1649 siber
589 1598 639 1649 das
661 1597 811 1651 christliche
835 1597 932 1651 Fusius
957 1598 1015 1651 und
1037 1597 1234 1665 Asifforderaap

452 1681 506 1717 rur
524 1664 635 1718 latiare
649 1670 727 1735 puter
744 1667 881 1733 daimon.)

142 1774 320 1835 Nepotiane
339 1788 406 1837 sue,
423 1776 523 1828 sende
541 1789 649 1838 preme
667 1777 838 1829 doctissimi
855 1778 917 1829 viri
934 1778 1077 1840 Gregorii
1094 1778 1186 1839 Agri-

500 1861 612 1922 colam*
629 1864 668 1915 A.
686 1863 827 1915 Publius.

197 1969 228 2033 S.
276 1971 441 2035 Lurcones
471 1973 579 2053 gulam
611 1973 717 2036 inedia
750 1975 881 2050 siccant,
915 1973 1078 2036 helluones
1112 1971 1231 2035 ventri·

98 2055 203 2117 culum
224 2054 345 2138 jejunio
369 2063 541 2133 macerant,
566 2057 702 2121 breviter
726 2057 845 2122 Christi
867 2058 967 2121 cultui
984 2057 1085 2121 dediti
1100 2057 1229 2138 genium

97 2140 287 2204 defraudant
320 2141 527 2206 abstinentia.
572 2143 622 2206 lta
654 2165 766 2206 sumus
800 2142 1055 2225 Pythagoristae,
1088 2149 1125 2206 ut
1159 2143 1229 2206 sine

95 2225 254 2301 carnibus,
287 2228 389 2307 pomis
412 2232 538 2291 tantum
563 2232 594 2291 et
618 2229 753 2292 nucibus
776 2232 809 2292 et
830 2250 885 2291 esu
914 2228 1055 2294 holerum
1079 2249 1117 2291 ac
1141 2227 1230 2308 legu-

94 2312 214 2375 minum
255 2312 409 2376 vivamus.
467 2312 533 2377 Hac
565 2319 634 2377 arte
668 2314 792 2395 corpori
829 2314 999 2391 medemur,
1037 2313 1092 2376 sed
1130 2313 1230 2376 animi

94 2395 222 2460 morbos
256 2396 390 2460 lectione
421 2397 617 2480 depellimus
645 2397 740 2480 juxta
763 2399 840 2463 illud
864 2399 1090 2463 Horatianum:
1128 2397 1231 2478 „Sunt

94 2480 190 2545 verba
215 2488 373 2557 atroces,
398 2483 516 2563 quibus
546 2482 632 2548 hunc
663 2483 762 2547 lenire
792 2485 930 2547 dolorem
961 2482 1116 2547 Possis.“‘
1161 2483 1230 2558 Quo

95 2568 126 2630 in
150 2567 220 2631 loce
246 2566 454 2648 intelligimus
476 2568 606 2632 morbos
629 2570 728 2632 animi
750 2569 923 2633 secundum
948 2567 1083 2632 Stoicos.
1129 2567 1230 2650 Legae

99 2653 198 2735 igitur
220 2651 322 2716 bonos
344 2653 515 2735 scriptores
537 2658 570 2716 et
593 2653 700 2717 stilum
725 2676 845 2731 exerce,
869 2659 904 2718 ut
927 2657 969 2718 sit
992 2675 1081 2717 mens
1103 2658 1230 2717 sanast

94 2744 132 2801 ut
155 2737 263 2800 valeas
287 2737 371 2800 intra
393 2759 457 2801 non
481 2737 590 2803 hortos
613 2738 741 2821 Epicuri
764 2740 820 2803 sed
841 2739 991 2821 Syrorum
1014 2739 1033 2801 i.
1051 2762 1077 2801 e.
1096 2736 1230 2804 Christi·

94 2844 240 2886 anorum.
287 2821 409 2886 Judaea
442 2823 526 2886 enim
559 2823 669 2903 Syriae
699 2824 805 2906 portio
828 2830 877 2888 est
899 2829 931 2887 et
953 2822 1066 2887 Graeci
1101 2824 1228 2886 dicunt:
1279 2824 1288 2837 ⁶

94 2907 196 2971 Multa
230 2907 382 2989 Syrorum
416 2907 533 2971 holera.
579 2907 696 2972 Datum
731 2907 856 2973 Gothae
887 2907 944 2973 die'
972 2909 1058 2973 Petri
1092 2908 1229 2974 Hebraei

249 3090 312 3145 Cod.
331 3089 398 3144 liet.
416 3090 475 3144 439.

97 3277 213 3346 (Gotho)
622 3263 695 3328 454.
997 3278 1038 3333 23.
1057 3277 1133 3333 Febr.
1153 3280 1228 3334 1515.

437 3387 597 3459 Vulcau'
620 3408 668 3458 an
691 3388 887 3476 Nepotian.

393 3515 601 3585 (Auffordcrimp
617 3534 670 3570 seer
688 3518 789 3570 rechten
806 3516 929 3583 Mire.)

403 3630 584 3691 Nepotiane
607 3631 771 3682 Vuleanus
787 3631 919 3682 Drsssus.

199 3740 230 3803 S.
277 3739 458 3823 Purgantur
480 3739 576 3804 hodie
598 3742 686 3804 omni
717 3741 892 3805 facinorum
923 3762 1037 3820 genere
1071 3738 1227 3802 contami·

61 3823 64 3827 ’
99 3824 165 3887 nali
206 3825 387 3907 passimque
424 3827 488 3889 itur
526 3826 565 3888 ad
604 3848 697 3890 aures
734 3826 918 3890 sacerdotis.
974 3824 1092 3888 Demus
1129 3823 1228 3904 igitur

96 3931 233 3991 operam,
257 3909 444 3992 Nepotiane,
467 3916 505 3975 ut
528 3912 673 3975 ultronea
704 3911 902 3975 confessione
936 3910 1095 3974 diluamus
1128 3908 1227 3972 animi

97 3994 215 4073 sordes,
251 4006 286 4059 ut
321 3995 495 4060 defaecatis
529 3998 670 4061 moribus
703 3996 869 4078 spirituale
906 4016 1020 4078 cerpus
1041 3993 1093 4057 ad
1128 3993 1226 4057 vitam

96 4084 250 4161 resurgat.
295 4081 379 4144 Vale.
426 4079 558 4145 Circiier
581 4081 773 4146 Terminalia
795 4080 922 4144 MDXV.

253 4178 476 4234 0011151410.

98 4326 301 4334 ——-.-——....

98 4446 105 4463 .
168 4415 175 4445 ¹
194 4414 219 4468 S.
238 4416 289 4468 513
309 4418 337 4468 Α.
358 4416 381 4468 i.
453 4418 463 4448 ¹
480 4416 557 4483 Bapt.
576 4415 710 4469 Mantuam
729 4414 816 4482 Epigr.
835 4413 869 4466 ad
887 4413 990 4466 Falcou.
1015 4411 1079 4480 Opp.
1101 4411 1147 4465 101
1160 4426 1182 4463 s.

133 4480 215 4535 lScit
241 4481 335 4537 Ostem
361 4486 427 4536 1514
452 4483 479 4536 in
504 4483 621 4538 llreslau.
658 4483 701 4537 Br.
721 4484 779 4537 335.
851 4480 920 4534 ‘Bn
939 4479 997 4535 338.
1068 4478 1160 4532 *Heu
1178 4477 1225 4546 Ep.

96 4548 161 4683 {gl}
177 4549 297 4687 iigidicn
316 4553 355 4673 ἃς.
368 4550 393 4604 S.
412 4553 460 4604 491
483 4554 513 4606 Α.
533 4552 557 4606 2.
592 4551 646 4604 ller
669 4550 712 4604 Br.
738 4551 815 4619 gieug
839 4549 889 4602 mit
912 4548 974 4602 dam
997 4547 1110 4613 seneen
1121 4562 1155 4598 a.
1168 4545 1238 4594 deux
