2774 4966
146 645 210 709 414
560 643 647 702 Bricte
665 642 711 703 dea
729 648 753 705 J.
774 641 848 706 1514.

149 841 199 886 me
222 820 390 883 contristat
413 821 479 884 suis
502 819 637 918 querelis
658 821 752 886 modo
768 822 977 887 sacerdotium
1001 839 1154 889 accusans
1175 814 1275 889 modd

151 908 283 988 culpans
305 905 470 971 consilium
494 906 557 969 sibi
579 907 689 971 datum
712 931 730 972 a
754 908 862 973 uobis:
887 910 977 980 ,Μαι
1001 929 1029 972 rt
1051 912 1104 984 riu
1126 911 1199 987 aibr
1219 914 1272 972 em

149 1012 177 1054 rr
199 993 277 1073 tl⁰l²
303 992 434 1054 uutbr.‘¹'
490 991 558 1055 Ohe
587 993 663 1074 quid
698 993 784 1057 boc?
833 994 900 1059 llah
929 1018 1013 1059 nunc
1041 1016 1098 1076 ego
1126 995 1271 1078 intelligo

151 1079 290 1161 desipere
324 1083 503 1159 utrumque.
561 1079 637 1142 Hem
672 1086 826 1161 quantum
860 1083 1035 1162 impietatis
1069 1083 1271 1146 credentibus

149 1165 270 1248 patefit,
288 1165 315 1227 si
332 1163 416 1227 docti
434 1187 522 1227 sacra
538 1167 631 1228 nauci
647 1165 778 1229 fuciunt.
803 1166 875 1230 Scio
893 1166 1113 1231 fundationem
1128 1172 1269 1232 nostram

150 1251 341 1316 insolidum
367 1271 433 1312 esse
465 1251 580 1313 fossam
606 1259 637 1314 et
659 1251 816 1315 stabilem.
863 1253 972 1334 Neque
999 1253 1065 1316 fieri
1094 1258 1271 1335 potestat

149 1337 281 1401 ecclesia
304 1335 516 1399 confundatur
539 1340 667 1400 auctore
689 1335 825 1412 Christo
842 1360 915 1402 uero
931 1340 989 1402 deo
1012 1345 1163 1421 perpetua
1186 1339 1271 1403 claro

148 1424 256 1507 gloria.
302 1421 382 1497 Quid
406 1422 479 1483 novi
503 1421 602 1485 habes
625 1423 662 1485 de
685 1421 843 1504 Spoletini
868 1424 1078 1506 diplomate?²
1125 1425 1271 1507 Auguror

149 1515 272 1573 tautum
295 1529 413 1571 moram
439 1527 501 1570 non
526 1530 636 1571 vacare
658 1510 791 1572 technis.
837 1510 900 1574 Fac
930 1511 1036 1575 valeas
1059 1517 1090 1573 et
1114 1512 1269 1575 Adamum

148 1593 335 1658 Faustinum
361 1593 399 1655 ad
425 1615 481 1656 nos
505 1595 622 1671 mittas,
647 1595 707 1658 nisi
731 1597 864 1658 mutaris
887 1595 1103 1661 sentent-iam.⁸
1147 1595 1195 1660 Ex
1219 1620 1272 1660 ae·

147 1681 241 1745 dibus
264 1681 341 1742 meis
365 1679 519 1742 Calendas
542 1679 667 1743 Maias.²
703 1680 861 1744 MDXllll.

300 1781 359 1834 Cod.
380 1780 443 1833 Frui.
463 1780 521 1834 410.

145 1968 259 2039 (cotia.)
670 1956 742 2020 343.
1023 1972 1091 2041 (ens.
1110 1972 1163 2026 irai
1183 1973 1270 2041 1514.)

521 2080 666 2150 Mutian
688 2101 736 2150 an
759 2081 896 2152 Urban.

145 2212 213 2277 (Dus
231 2209 315 2262 Ferro·
333 2209 379 2261 der
393 2208 491 2261 Kdlncr
509 2208 685 2263 Podelctorcn
710 2211 779 2262 uafro
800 2211 931 2264 Reuctlin
953 2211 1040 2263 arietata
1063 2211 1183 2264 achadeo.
1220 2210 1270 2262 Die

146 2279 268 2347 Mturqr'c
285 2296 321 2331 ou
344 2278 438 2332 (totam
461 2279 569 2331 arermtr.
605 2279 770 2415 Adrtpappdgpp
793 2280 829 2333 r'et
848 2281 896 2332 Ad.
915 2280 1029 2333 I'ublius
1053 2280 1151 2332 l'a'talr's
1166 2278 1269 2347 petaalt

196 2456 329 2518 Egregie
347 2455 415 2505 viro
433 2454 591 2514 nostrique
609 2455 831 2507 studiosissimo
849 2457 889 2507 Η.
909 2458 1036 2507 Urbano
1053 2457 1202 2518 magistro

521 2553 685 2592 oeconomo
705 2539 757 2608 (Μ.
776 2539 897 2609 Rufus).

251 2653 282 2718 Si
329 2651 362 2716 Si
396 2656 542 2733 saperent
576 2651 706 2734 palliata
736 2657 767 2717 et
794 2653 989 2718 contionaria
1021 2650 1267 2727 mendicabula⁴‚

148 2746 232 2806 certe
268 2739 490 2822 profiterentur
523 2761 556 2801 eo
588 2743 619 2803 et
641 2760 767 2821 operam
797 2746 829 2804 et
854 2740 955 2803 oleum
991 2740 1023 2802 in
1055 2738 1267 2803 comburendo

148 2827 283 2911 Speculo
316 2824 496 2908 perdidisse.
542 2823 603 2887 Sed
634 2825 679 2887 ita
710 2826 848 2888 moribus
883 2830 1107 2908 comparatum,
1138 2829 1173 2886 ut
1205 2825 1268 2887 ista

150 2913 307 2978 cucullata
331 2915 487 2992 portenta,
510 2914 547 2972 ut
568 2916 643 2973 sunt
666 2911 809 2975 homines
832 2913 948 2975 inertes
970 2917 1002 2976 et
1018 2912 1143 2975 barbari
1166 2916 1198 2973 et
1220 2932 1268 2972 se-

151 3000 268 3077 ditiosi,
302 3019 364 3061 non
388 2997 515 3060 valeant
547 2997 743 3078 splendorem
772 3004 804 3060 et
830 3000 962 3078 gratiam
994 2998 1174 3071 adversarii,
1209 2997 1267 3058 viri

150 3083 399 3167 eloquentissimi
423 3088 454 3145 et
476 3082 685 3163 undecunque
708 3084 893 3159 doctissimi,
917 3084 966 3146 vel
988 3084 1103 3147 intueri
1126 3082 1174 3145 vel
1190 3083 1267 3164 pati,

148 3178 189 3251 et,
209 3171 292 3255 quod
309 3176 357 3233 est
374 3169 532 3250 proprium
549 3169 738 3245 invidorum,
754 3170 984 3233 obliviscuntur
1000 3170 1165 3245 manticae,
1182 3169 1268 3251 quod

146 3261 178 3323 in
202 3256 315 3340 terg0.⁵
361 3255 496 3318 Tantum
521 3275 592 3317 vero
615 3255 706 3318 abest
725 3259 761 3318 ut
778 3257 860 3337 ignis
878 3255 927 3319 ille
943 3256 983 3319 ab
999 3254 1267 3319 obtrectatoribus

149 3352 180 3410 et
204 3343 364 3408 malevolis
387 3342 542 3405 conflatus
564 3341 703 3422 aliquam
727 3341 875 3423 dignitati
899 3349 931 3404 et
952 3342 1070 3423 gloriae
1093 3340 1266 3422 Capnionis

151 3437 259 3497 notam
294 3429 451 3505 inusserit,
485 3432 521 3490 ut
544 3428 707 3491 ciniflones
731 3433 763 3491 et
785 3428 995 3492 incendiarios
1018 3432 1168 3510 perpetua
1191 3448 1266 3491 con-

147 3520 296 3583 scientiae
313 3515 390 3590 loca,
403 3536 464 3595 qua
480 3513 625 3577 scelerati
641 3515 831 3589 cruciantur,
848 3522 968 3578 exurat.
993 3514 1122 3596 Legisti,
1135 3514 1267 3594 quantis

146 3603 340 3687 argumentis
373 3600 522 3663 ostendat
552 3604 662 3663 auctor
695 3598 821 3682 Speculi
854 3599 932 3663 nihil
957 3604 1058 3682 egisse
1081 3599 1267 3663 Colonarios

139 3684 416 3774 ‘paedieatores‚b⁶
440 3685 527 3749 nullo
547 3685 616 3766 jure
638 3687 796 3749 flammam
820 3688 1000 3750 excitatam.
1047 3686 1183 3768 Tempus
1206 3691 1265 3761 est,

144 3784 182 3842 ut
203 3775 356 3840 formulas
379 3772 474 3837 Croto
497 3772 589 3836 datas
612 3771 651 3834 ad
675 3770 804 3835 Crotum
828 3770 1051 3836 remittamus⁷
1098 3771 1265 3849 Αάωηιιε,ο

142 3864 308 3928 familiaris
341 3866 415 3924 tuus
447 3862 479 3922 et
503 3858 567 3940 jam
606 3864 712 3922 noster
746 3880 873 3940 promus
897 3860 1026 3935 condua
1050 3859 1172 3922 fidelem
1196 3859 1266 3940 agit

142 3951 377 4022 obsonatorem,
402 3968 449 4008 me
473 3945 638 4029 praecipue
671 3945 819 4008 observat
842 3950 873 4008 et
895 3950 991 4009 nutus
1014 3953 1109 4027 atque
1131 3951 1265 4009 renutus

144 4058 241 4101 meos,
287 4034 423 4097 Meretur
447 4032 505 4095 hoc
528 4031 641 4106 officio,
673 4036 709 4094 ut
732 4032 846 4112 diguus
869 4033 920 4107 sit,
948 4034 999 4095 cui
1021 4033 1148 4096 tandem
1172 4055 1190 4094 a
1214 4054 1265 4094 me

144 4125 248 4205 gratia
281 4119 440 4183 referatur.
492 4117 672 4198 Cognomen
709 4117 845 4180 hominis
880 4119 1044 4182 ridiculum
1080 4127 1136 4182 est.
1190 4119 1265 4181 ldeo

147 4208 343 4279 mutandum,
362 4227 422 4269 non
444 4211 548 4266 tamen
566 4204 703 4266 omnino.
749 4203 820 4266 Feci
844 4227 882 4267 ex
906 4204 975 4267 Pub
1000 4205 1155 4282 Publium,
1172 4212 1265 4268 retus

140 4314 298 4321 —..—-.--—

211 4360 225 4387 a
242 4345 283 4408 So.
303 4343 370 4395 Eine
381 4341 448 4393 Zolrl
457 4358 501 4392 ror·
512 4340 638 4393 Calendas
648 4339 747 4391 solicitet
758 4340 924 4406 ouspcsollcn.
962 4345 975 4383 b
989 4344 1177 4410 praedicatores
1189 4344 1264 4400 Terra.

215 4416 222 4446 ¹
241 4406 312 4466 llher
339 4413 432 4464 t'rotus
459 4402 587 4463 bouario
611 4411 636 4461 in
660 4410 708 4461 don
733 4410 816 4483 goistl.
840 4409 918 4463 Stand
938 4413 988 4479 rgl.
1008 4412 1033 4464 S.
1053 4414 1150 4469 3821.
1172 4417 1193 4467 1.

178 4484 264 4549 ’Ygl
284 4483 309 4535 S.
329 4482 379 4533 :372
398 4486 427 4532 Α.
446 4482 469 4530 t.
546 4479 658 4531 ³Selron
677 4495 719 4530 arn
738 4477 778 4532 28.
797 4479 870 4546 April
890 4482 960 4532 batte
979 4498 1007 4533 er
1024 4482 1081 4550 sich
1104 4486 1263 4553 rorgostellt.

143 4552 204 4605 l'or.
232 4552 274 4604 ΒΓ.
345 4549 420 4601 *Die
446 4549 542 4601 lliilncr
568 4548 759 4600 Dourinilraner.
796 4548 820 4602 S.
840 4550 891 4602 410
917 4554 944 4604 Α.
964 4554 987 4605 o,
1025 4543 1096 4604 liber
1123 4554 1169 4606 das
1196 4555 1264 4608 Ver-

143 4621 383 4744 brennupgssdelpbeg
403 4635 426 4742 p
447 4635 499 4740 por.
519 4617 590 4739 Bpp
610 4620 645 4738 ΜΞ
659 4616 787 4738 Catsslpll
784 4617 916 4738 35111111),
936 4619 976 4671 21.
1046 4622 1100 4674 ⁰8.
1118 4624 1167 4675 411
1188 4627 1218 4679 A.
1240 4630 1263 4681 1.

241 4707 248 4720 ·
302 4733 308 4744 ,
396 4728 427 4741 ,,
464 4731 470 4742 ,
592 4703 609 4738 u
648 4702 686 4739 us.
759 4726 765 4738 .
836 4729 841 4742 .
