2774 4966
362 89 368 104 l.
389 94 393 99 ·
457 95 459 102 ι

527 639 632 694 llutiuu
650 655 684 694 uu
702 638 803 694 Urban.
1165 639 1230 704 569

100 811 222 876 habent
249 810 288 875 ad
320 832 472 895 paganos.
518 808 564 874 Tu
599 811 733 874 salutem
768 810 809 874 ab
843 811 950 874 animo
985 810 1066 893 petis
1098 809 1229 875 invicto.

101 898 178 981 Legi
212 897 357 962 militiam
391 919 459 960 esse
490 896 586 959 vitam
621 896 703 959 cleri.
751 894 791 959 Et
821 902 877 959 est.
923 894 1108 959 Militamus.
1154 895 1230 978 Epi·

100 985 187 1066 scopi
205 986 281 1046 sont
296 983 403 1065 legati,
420 982 596 1045 cardinales
612 982 718 1058 duces,
742 981 875 1045 abbates
898 982 1111 1059 centuriones,
1134 1003 1230 1046 cano·

101 1071 164 1133 nici
180 1069 385 1148 decuriones3
408 1067 523 1150 agrarii
542 1067 625 1149 magi
642 1071 718 1130 sunt
734 1066 958 1149 manipulares,
977 1067 1072 1144 lixae,
1089 1067 1229 1131 calones:

100 1161 151 1219 sta
186 1159 219 1218 et
252 1176 342 1219 serva
375 1153 511 1234 signum.
569 1150 778 1216 Coronaberis
812 1159 964 1236 perpetua
997 1153 1114 1216 laurea.
1167 1151 1229 1216 Sed

101 1241 303 1304 centuriones
340 1238 479 1303 stultitia
518 1237 599 1321 lapsi
637 1243 723 1302 sunt.
782 1237 912 1302 Cautior
946 1238 1007 1302 luit
1044 1238 1231 1303 comarclrus

103 1325 299 1390 Gliohenus.'
345 1325 457 1388 Noluit
490 1323 644 1387 insultare
677 1324 843 1387 stratiotis.
891 1323 932 1387 lit
961 1324 1061 1407 inepti
1093 1323 1232 1388 centuri·

103 1433 190 1487 ones,
207 1412 280 1474 dum
299 1408 566 1491 machaerophoro
581 1422 595 1449 ⁸
610 1414 642 1473 et
658 1408 748 1473 fratri
764 1409 887 1492 placere
911 1409 1031 1485 volunt,
1056 1408 1230 1490 praelatum

103 1518 194 1559 sunm
219 1497 358 1577 graviter
380 1496 555 1559 offendunt.
602 1495 682 1557 Huic
706 1494 829 1558 dabunt
852 1516 980 1577 poenas,
997 1517 1106 1557 aurum
1125 1516 1231 1575 grave,

104 1605 206 1664 neque
232 1581 360 1664 juvabit
382 1602 436 1644 eos
459 1581 507 1644 vel
531 1580 708 1663 principum
733 1580 822 1643 favor
845 1581 893 1644 vel
916 1580 1039 1663 papalis
1062 1580 1230 1661 exemptio.

103 1667 266 1750 Principes
300 1666 450 1730 ridebunt
482 1666 657 1729 audaciam.
705 1663 868 1729 Albertus²
896 1666 936 1728 ab
964 1665 1069 1729 Leone
1103 1665 1232 1729 dabitur

102 1774 215 1816 censor
248 1754 345 1815 vestri
379 1751 533 1815 coenobii.
579 1751 628 1815 lta
660 1750 744 1813 euim
779 1751 897 1814 Romae
930 1755 1088 1815 statutum
1119 1756 1167 1814 est
1199 1751 1231 1813 in

102 1839 236 1903 concilio
275 1838 441 1906 Laterano.
477 1842 513 1901 ut.
546 1837 738 1900 monasteria
772 1841 992 1899 renormentnr
1025 1837 1231 1900 severissime.

103 1925 187 1988 Haec
217 1928 263 2000 tu,
295 1924 342 1986 vir
372 1923 473 1999 lortis,
504 1946 567 1985 non
599 1921 736 1986 timebis.
783 1922 905 2004 Rogavi
936 1919 1173 2000 Osimundum,⁸
1198 1929 1234 1986 ut

103 2011 243 2074 traderet
275 2009 418 2087 vinetum
450 2010 585 2092 emptori
614 2007 796 2072 monastae‘
830 2028 898 2071 meo
930 2008 1066 2072 nomine.
1112 2006 1233 2072 Perfice

103 2118 177 2160 rem.
226 2096 310 2160 Dicit
339 2095 432 2158 tlenr.
463 2093 700 2176 Aperbaccbum
724 2093 779 2157 LX
801 2114 914 2157 aureos
945 2093 1103 2159 daturum.
1149 2093 1234 2158 Sunt

104 2182 168 2261 alii,
191 2183 247 2263 qui
270 2181 342 2265 plus
365 2179 600 2263 polliceantur.⁸
645 2178 707 2244 Sed
731 2184 787 2243 tua
810 2180 916 2266 pactio
933 2180 976 2244 sit
992 2179 1119 2247 stabilis
1134 2183 1235 2250 aeter·

103 2290 188 2332 num.
234 2267 319 2330 Vale.
366 2267 505 2349 Raptim.

256 2366 318 2420 Cod.
337 2365 404 2420 Frcl.
422 2365 481 2420 509.

103 2520 219 2590 (Gotho.)
629 2509 703 2604 5³06.
1026 2526 1065 2578 19.
1083 2525 1139 2579 Juli
1159 2528 1234 2581 1515.

480 2627 626 2698 Mutiuu
649 2649 697 2698 au
720 2628 860 2699 Urban.

104 2748 184 2808 (Zacca
211 2747 302 2801 Dante
327 2749 417 2816 dusdr,
444 2750 507 2804 duas
531 2750 561 2804 U.
579 2750 629 2803 dor
651 2749 789 2818 Weinberp
806 2767 844 2803 on
861 2749 904 2803 die
926 2749 1092 2804 Kortbduser
1117 2749 1236 2818 minuti

102 2817 159 2879 dut,
178 2817 235 2870 wite
251 2817 287 2869 dl.
309 2818 355 2871 idn
373 2817 442 2871 baim
460 2819 525 2873 Aue
543 2819 693 2888 ernpsehlen.
729 2817 803 2883 Nun,
827 2818 863 2872 do
881 2818 917 2871 Μ.
939 2818 1004 2872 deal
1024 2819 1077 2882 bal,
1103 2818 1172 2872 wtrd
1191 2819 1238 2872 der

105 2884 309 2939 Sitberscbma‘ed
325 2887 392 2940 eccll
407 2887 450 2940 dia
469 2887 563 2941 Sedula
579 2887 659 2956 fertio
677 2887 795 2940 arachen.
830 2886 1081 2956 Bdeberbestcllunp,
1099 2887 1164 2954 folla
1187 2887 1238 2941 Ur·

416 2955 470 3009 bon
487 2973 541 3008 rur
558 2956 737 3024 stantfort&
754 2955 837 3009 Mesae
851 2956 929 3024 pelet.)

138 3060 319 3111 Praestantl
336 3060 465 3112 Urbano
484 3061 575 3114 docto
593 3063 790 3124 philosopho,
808 3063 989 3114 venerando
1007 3062 1202 3124 presbytero,

293 3145 442 3205 prudenti
459 3160 636 3208 oeconomo,
655 3147 718 3199 fldo
736 3147 834 3198 amico
853 3144 909 3214 (Μ.
926 3146 1048 3214 Eume).

207 3254 239 3318 S.
286 3255 380 3320 Multi
411 3261 650 3342 empturierunt.
698 3259 835 3325 Praelati
868 3264 945 3324 sunt
977 3260 1133 3323 universis
1162 3256 1237 3322 Car·

104 3340 212 3402 tusini.
245 3342 336 3417 Quod
351 3342 468 3407 lactum
486 3349 576 3409 tuum
590 3369 638 3409 me
651 3347 846 3410 assentiente
860 3353 963 3409 ratum
978 3352 1056 3408 esto.
1088 3343 1237 3408 Praestas

105 3426 262 3506 egregiam
289 3427 486 3492 voluntatem
510 3437 541 3493 et
565 3432 658 3494 fidem
682 3434 847 3513 antiquam
873 3431 1008 3495 inlinitis
1040 3431 1237 3512 argumentis

105 3511 282 3607 confirmas.
328 3513 464 3577 Tantum
501 3517 599 3597 igitur
631 3517 692 3580 tibi
726 3518 836 3594 debeo,
869 3521 1025 3600 quantum
1060 3514 1238 3598 persolvere

105 3594 232 3660 drlfieile
267 3601 324 3660 est.
370 3599 433 3664 Sed
466 3601 557 3681 plane
588 3603 663 3679 scio,
695 3604 813 3684 quain
838 3625 870 3666 re
893 3602 953 3666 tibi
982 3600 1238 3666 commodissime

104 3681 272 3778 gratificer.
319 3683 504 3750 Observabo
536 3686 727 3752 Duronium‘
750 3695 783 3752 et
806 3687 949 3753 testabor
977 3709 1081 3751 coram
1105 3689 1137 3751 te
1159 3685 1238 3751 mibi

105 3766 236 3848 perinde
259 3790 364 3833 aarum
382 3793 460 3850 esse,
478 3776 576 3854 atque
594 3773 684 3837 luisti
700 3795 832 3856 semper.
879 3773 1050 3838 Occurrnm
1072 3770 1238 3837 malevolis

106 3856 138 3917 et
160 3851 302 3917 sinistris
330 3858 539 3937 sermonibus,
565 3860 701 3941 nequis
731 3859 867 3923 infestus
896 3859 1030 3922 daemon
1059 3861 1091 3922 te
1120 3857 1159 3921 de
1181 3861 1237 3933 tuo

105 3939 193 4034 statu
216 3944 387 4020 removeat,
419 3965 612 4027 quamquam
645 3966 741 4027 grave
771 3944 814 4009 sit
844 3942 989 4008 Mutiano
1014 3941 1060 4007 ibi
1082 3942 1171 4025 loqui
1199 3942 1238 4008 de

105 4044 182 4101 aurs,
215 4023 270 4088 ubi
304 4024 450 4108 Figulus'
482 4029 599 4094 nebulo
630 4036 662 4093 et
693 4027 877 4094 Musardns⁸
908 4030 1051 4094 diversae
1078 4032 1184 4094 sectae
1206 4033 1240 4093 et

105 4114 248 4172 monstra
271 4114 426 4193 quaedam
452 4116 554 4178 invisa
577 4114 832 4179 subauscultaut.
879 4113 977 4179 Crede
998 4113 1087 4191 mihi,
1110 4114 1239 4197 saepius

147 4384 157 4394 ..
174 4247 469 4392 lffiiiaiiibsordialon
497 4335 548 4372 von
575 4318 709 4384 Gleichon,
736 4318 779 4395 dia
806 4318 847 4370 ein
876 4317 1061 4396 ansehnlicbes
1089 4316 1185 4370 Gebiet
1211 4315 1239 4369 in

103 4380 253 4452 Thuringen
264 4384 400 4449 besassen,
411 4385 461 4453 vpl.
480 4386 506 4438 H
512 4386 654 4449 eilbach,
672 4387 773 4439 Aroluv
783 4386 955 4439 derGralsoh.
969 4385 1103 4439 Glorohsn.
1133 4383 1236 4438 Alteub.

104 4450 178 4504 1805.
239 4452 324 4506 'Vos
346 4453 441 4508 Maior.
501 4454 554 4508 ⁸8.
574 4454 624 4509 279
642 4454 673 4508 A.
692 4454 718 4507 2.
777 4454 872 4507 ⁴Dem
890 4453 1060 4508 Karthauser.
1097 4452 1151 4506 Iler
1168 4452 1239 4506 Kaul

104 4520 336 4574 waramanni
356 4521 566 4589 abgeschlosson.
594 4522 653 4590 Vgl.
672 4522 719 4577 Nr.
737 4523 832 4577 49311.
850 4520 885 4577 tol
905 4562 910 4575 .
929 4521 973 4576 Br.
1027 4524 1038 4555 ⁶
1056 4520 1113 4589 Vgl.
1125 4519 1242 4575 Bassa

102 4586 166 4706 {lli
183 4587 260 4689 458.ο
275 4588 427 4714 80281.2128
441 4595 476 4716 pl.
498 4593 519 4645 1.
580 4592 590 4624 ²
608 4591 782 4646 Gotbaiscber
799 4590 879 4647 (litus
896 4591 951 4659 ina
963 4590 1017 4642 bes
1034 4589 1132 4641 butes.
1150 4584 1263 4635 &Aah
