2774 4966
256 684 257 687 ,
355 636 459 694 Mutian
478 655 512 693 an
531 631 661 707 Petrejus.
697 636 803 693 Mation
821 656 854 692 an
874 638 1016 695 Bullensis.
1184 643 1247 708 335

125 811 158 879 et
187 813 386 896 quiescentes
414 833 554 895 corpore,
588 813 694 877 animo
726 812 963 895 peregrinantes
1002 815 1133 879 celerius
1165 816 1248 881 fiunt

126 902 250 965 maturi.
295 899 379 962 Vale.

277 983 342 1037 Cod.
360 983 426 1036 Frcf.
445 984 502 1034 313.

125 1121 240 1189 (comp
645 1104 716 1167 271.
1002 1122 1060 1190 (vor
1077 1125 1142 1190 aug.
1163 1123 1248 1192 rme.)

462 1213 604 1284 Mutian
627 1234 675 1283 an
697 1213 910 1283 Hellensie¹

125 1326 260 1392 (Petreius.
279 1327 323 1377 eiu
342 1326 446 1378 acriter
466 1326 581 1380 Aledium
607 1326 675 1378 truite
699 1327 834 1392 eiimrrtlird
861 1327 941 1378 selber
961 1326 1003 1378 die
1026 1327 1093 1379 Rene
1118 1327 1250 1380 saurauer

124 1396 213 1450 sollcu.
232 1395 294 1447 abo·
312 1395 469 1464 Attaleia
487 1413 538 1447 uus
563 1396 757 1530 prmii‘iiiieii
777 1396 825 1461 fiir
847 1396 894 1447 r'lm
920 1396 975 1447 uud
996 1395 1131 1449 Hattcuuer's
1157 1414 1249 1464 cerope-

195 1560 245 1611 Ad
263 1560 444 1611 Haltensem
462 1559 625 1611 officialem
643 1560 908 1619 officiosissimum,
926 1560 1010 1611 fideli
1029 1561 1192 1613 colendum

481 1629 701 1681 benevolentia
718 1631 762 1681 Μ.
780 1629 891 1681 Rufus.

228 1723 259 1787 S.
306 1723 346 1787 Et
378 1722 503 1806 Petrejo
537 1745 654 1787 morem
689 1745 794 1806 gerere
822 1727 853 1788 et
881 1723 939 1787 tibi
963 1725 1001 1788 de
1029 1745 1098 1788 meo
1130 1723 1247 1807 scripto

127 1810 296 1892 gratificari
322 1810 414 1873 uolui.
461 1809 568 1873 Essem
598 1811 691 1892 plane
722 1809 868 1886 incivilis,
892 1811 918 1873 si
942 1816 1005 1874 tam
1039 1811 1150 1883 doctis
1182 1816 1247 1874 tam

128 1898 242 1979 probis
278 1896 360 1958 addo
396 1896 490 1958 etiam
527 1899 625 1959 nostri
649 1897 833 1959 amantibus
856 1901 888 1958 et
910 1895 1107 1960 familiariter
1140 1902 1248 1978 postu-

127 1984 277 2056 lantibus,
302 1983 385 2063 quod
410 1987 458 2049 est
480 2004 615 2063 aequum
640 1988 672 2045 et
695 1982 912 2059 honorificum,
937 1984 1057 2046 diutius
1075 1983 1249 2047 reluctatus

127 2071 323 2151 denegarem.
371 2069 427 2130 Est
449 2066 593 2132 Mutiano
623 2069 761 2132 solemne
784 2069 850 2132 suis
873 2069 1031 2150 opitulari,
1056 2091 1247 2152 quamquam

128 2156 239 2218 alienis
263 2154 356 2217 nimis
379 2159 524 2218 austerus
549 2163 580 2217 et
603 2154 741 2217 difficilis
764 2177 831 2218 esse
856 2156 970 2217 videar.
1017 2155 1133 2236 legavi
1155 2160 1186 2218 te
1209 2155 1249 2218 ad

131 2241 297 2323 Petrejum,
321 2240 375 2320 qui
399 2245 456 2321 est.
480 2245 517 2303 ut
533 2241 563 2302 in
583 2241 752 2304 Pandectis
774 2241 949 2304 Justiniani
976 2242 1132 2305 Aemilio*
1155 2241 1250 2322 Papi·

127 2329 222 2391 niano
258 2326 418 2401 tribuitur,
458 2326 504 2388 vir
541 2327 658 2390 excelsi
691 2328 810 2407 ingenii
848 2333 880 2390 et
916 2328 947 2389 in
982 2328 1067 2391 omni
1103 2327 1250 2409 politiore

128 2414 271 2477 doctrina
295 2413 498 2475 cultissimus.
546 2416 588 2475 At
611 2413 676 2495 ipse
700 2412 817 2476 laboris
840 2412 981 2493 fugitans
1009 2414 1073 2477 tuis
1102 2413 1248 2495 precibus
1293 2427 1296 2433 “

128 2521 202 2562 suae
241 2497 415 2562 uoluntatis
453 2501 705 2580 praerogatiuam
750 2500 908 2581 adjunxit,
947 2501 1038 2581 quasi
1078 2521 1149 2563 vere
1186 2521 1250 2561 non

128 2585 259 2649 haberes
289 2585 422 2648 alterum
446 2585 477 2646 iu
503 2607 538 2647 eo
567 2584 756 2648 lllutiauum.
801 2585 981 2648 Alexander
1016 2585 1101 2649 Darii
1135 2586 1248 2648 castris

127 2673 248 2755 potitus
272 2692 360 2733 suam
384 2670 517 2751 gloriam
543 2693 613 2734 cum
638 2670 849 2753 Ephaestione
873 2672 1021 2754 quodam,
1044 2672 1160 2735 comite
1182 2693 1250 2749 suo,

128 2760 263 2839 partitus
298 2761 355 2819 est.
400 2755 480 2819 Nam
515 2757 601 2819 Darii
634 2762 735 2821 mater
758 2763 793 2821 ut
816 2756 1062 2839 Eplraestiouem
1097 2763 1249 2840 tanquam

126 2843 341 2907 Alexandrum
369 2843 584 2915 salutavisset,
614 2864 646 2905 re
675 2850 782 2907 autem
809 2844 1011 2926 postmodum
1041 2845 1166 2926 (erroris
1194 2843 1248 2907 ad-

126 2930 259 3010 monita)
283 2929 328 2992 sic
351 2935 387 2992 ut
409 2933 477 2992 erat
498 2928 670 3008 intellecta,
694 2952 764 2993 cum
788 2929 982 3011 trepidanter
1011 2930 1248 2994 excusationem

127 3017 221 3080 affere
246 3022 421 3094 conaretur,
445 3013 614 3078 subridens
636 3015 816 3079 Alexander
838 3017 957 3099 inquit:
992 3015 1106 3096 „Nihil
1120 3015 1251 3094 mulier,

129 3103 278 3186 peccasti,
316 3123 388 3164 nam
427 3106 459 3162 et
495 3101 546 3164 hic
586 3101 762 3166 Alexander
806 3102 883 3166 est.“
945 3101 1062 3167 Eodem
1107 3102 1251 3185 exemplo

127 3189 284 3270 Petrejum
307 3187 406 3250 habes
438 3191 590 3269 tanquam
620 3188 752 3252 alterum
788 3186 976 3264 Matianum,
1001 3189 1019 3270 i.
1046 3213 1070 3252 e.
1096 3210 1154 3270 ego
1177 3194 1252 3252 tuus

127 3297 207 3352 sum,
231 3296 249 3338 o
273 3273 438 3349 Hallensis,
463 3279 495 3336 et
517 3274 614 3355 probe
637 3275 711 3337 novi
734 3280 766 3337 te
789 3280 916 3339 nostrae
939 3276 1043 3339 favere
1060 3274 1251 3356 Tranquilli-

127 3364 196 3438 tati,
229 3360 356 3425 tametsi
379 3382 397 3423 a
421 3359 535 3423 forensi
560 3361 675 3442 jurgi0,
704 3363 735 3423 in
766 3381 828 3441 quo
852 3366 887 3425 tu
911 3384 1026 3443 magua
1059 3383 1130 3425 cum
1158 3362 1251 3425 laude

128 3449 195 3530 pari
218 3446 374 3510 industria
398 3447 539 3522 versaris,
564 3447 713 3511 abhorrui
733 3469 855 3529 semper
880 3453 911 3511 et
934 3470 1019 3510 nunc
1034 3449 1163 3512 omnino
1180 3470 1249 3511 sum

127 3535 260 3597 alienus.
306 3532 395 3609 Quod
418 3556 458 3596 an
482 3532 541 3596 tibi
566 3533 724 3614 probetur,
759 3533 874 3597 nescio.
920 3533 998 3597 Mihi
1031 3537 1115 3597 certe
1149 3535 1252 3617 placet.

128 3621 217 3702 quies
239 3641 310 3682 cum
334 3620 499 3700 dignitate,
524 3622 555 3681 et
579 3620 754 3683 uerecunda
776 3620 938 3700 cogitatio,
962 3641 1044 3701 quae
1066 3619 1137 3683 lites
1165 3621 1251 3684 dete-

128 3710 241 3782 statur,
264 3728 332 3841 nprpl
344 3711 392 3841 apt
408 3706 626 3840 pippperaudo,
642 3712 679 3769 ut
695 3705 827 3769 tradidit
843 3705 997 3788 Ulpianus
1014 3711 1128 3770 noster.
1167 3706 1250 3771 Vale.

298 3806 341 3842 0.
381 3805 448 3842 ΓΟ..
496 3829 501 3840 .

128 3927 242 3997 (amhn)
650 3911 721 3973 272.
1019 3926 1059 3979 92.
1080 3925 1134 3979 Juli
1153 3925 1250 3993 (1513).

502 4020 645 4091 llutian
669 4042 717 4090 an
740 4019 877 4091 Urban.

128 4133 333 4199 (llrsr'eluruup
351 4134 437 4185 sm'uer
462 4132 672 4199 ulresru'rletiuluit.
716 4133 842 4185 l'crdurlit
861 4149 938 4200 promi
963 4131 1115 4184 aurisurdus.
1138 4131 1184 4183 der
1205 4148 1250 4183 uui

126 4205 167 4254 21.
186 4205 254 4269 Arm.
272 4203 328 4253 sm'ue
352 4203 431 4269 (lpscr
448 4203 607 4267 ‹larbru'uqeu
633 4202 694 4253 uu'll.
732 4203 840 4266 Schenkl
858 4221 893 4254 uu
913 4201 1041 4253 Itruclrliu
1064 4201 1121 4251 einr
1144 4200 1250 4253 lucerna

372 4273 486 4337 lurmjus
504 4273 552 4323 soll
567 4272 714 4338 plciedsolls
732 4289 768 4323 ou
788 4272 834 4323 ileu
852 4270 1003 4334 selrruibeu.)

500 4369 540 4419 H.
559 4369 686 4419 Urbano
703 4370 747 4420 Μ.
766 4368 876 4420 Rufus.

230 4463 261 4527 S.
302 4464 418 4547 Adjuro
435 4471 466 4528 te
482 4485 536 4546 per
551 4463 669 4540 Musae,
688 4467 725 4528 ut
740 4486 822 4546 quae
839 4464 959 4546 scripsi,
976 4484 1057 4544 qnae
1073 4463 1249 4540 scribimus

127 4571 336 4667 ”Unda

200 4672 207 4702 ¹
228 4670 311 4737 (teorg
329 4670 455 4736 Osiriuud,
474 4669 583 4724 omnin.
618 4669 644 4721 S.
664 4685 716 4722 ror.
736 4668 778 4724 ΒΓ.
