2774 4966
605 36 610 53 t

604 60 608 75 t

602 82 607 95 r

420 7 1377 307 —

81 685 84 694 .
162 629 228 693 410
578 630 666 686 Briele
684 631 731 686 des
748 634 772 689 J.
793 632 866 688 151⁴.

164 797 363 882 Erplrurdia.¹
411 799 538 864 Manere
564 802 646 864 enim
670 803 790 866 diutius
821 803 983 881 debueras,
1007 812 1040 867 et
1061 805 1196 869 studiosi
1225 807 1289 870 ele·

166 887 293 965 gantiae
312 886 428 950 latinae
444 888 592 969 majorem
610 888 647 951 de
662 893 719 952 tua
735 889 912 953 eruditione
928 890 1064 955 fructum
1082 891 1286 975 perciperent.

164 971 257 1035 Nunc
287 978 318 1036 te
350 974 466 1036 amisso
491 978 539 1052 (ut
568 974 750 1056 planissime
782 976 895 1055 dicam)
927 982 958 1038 et
988 979 1013 1039 si
1044 976 1173 1052 habent,
1207 999 1288 1060 quos

168 1064 350 1139 sequantur,
375 1061 563 1123 auctoritate
586 1061 718 1124 sortasse
742 1083 841 1143 pares
865 1061 1029 1143 diligentia
1044 1068 1149 1126 tamen
1167 1064 1197 1126 in
1214 1085 1288 1148 pro-

163 1144 290 1207 liteudis
314 1145 413 1208 literis
437 1146 598 1226 aequalem
623 1168 717 1229 prope
740 1148 906 1211 neminem.
954 1149 1020 1213 Hoc
1051 1149 1152 1231 ipsum
1185 1150 1287 1215 crebri

163 1231 324 1294 doctorum
359 1254 518 1294 sermones
550 1234 614 1295 tuis
644 1234 750 1295 referti
783 1233 931 1297 laudibus
965 1233 1135 1298 declarant.
1180 1235 1287 1300 Motus

162 1317 256 1379 etiam
288 1317 345 1379 lrac
375 1324 429 1379 tua
450 1317 549 1397 gloria
573 1319 619 1380 vir
645 1319 797 1399 imprimis
826 1326 938 1383 acutus
961 1327 992 1382 et
1016 1321 1161 1384 literatus
1191 1322 1288 1385 Hein-

162 1403 245 1465 ricus
278 1403 421 1466 Urbanus
452 1406 497 1466 tui
529 1404 830 1468 observantissimus
854 1407 953 1468 mittit
979 1408 1010 1469 in
1041 1407 1148 1470 ludum
1184 1414 1286 1483 tuum,

163 1490 217 1570 qui
241 1489 460 1553 celeberrimus
484 1512 550 1551 esse
575 1491 698 1567 dicitur,
723 1496 756 1553 ut
780 1491 913 1555 fideliter
937 1494 1132 1560 instituatur.
1155 1492 1286 1575 Nepoti·

165 1573 285 1652 anum,²
309 1577 424 1640 sororis
447 1576 556 1652 filium,
580 1583 611 1639 et
634 1578 708 1639 item
734 1576 887 1640 Adamum
908 1577 1155 1660 Asciburgium,l
1171 1600 1286 1661 pueros

165 1661 353 1742 ingeniosos.
403 1662 498 1725 Dabis
521 1664 619 1742 igitur
641 1684 768 1745 operam
793 1663 832 1741 (si
856 1685 904 1727 me
926 1664 1037 1744 amas),
1061 1672 1097 1729 ut
1119 1666 1176 1729 liat
1199 1671 1284 1731 uter-

161 1751 276 1828 quate
301 1755 500 1830 praeceptore
523 1749 645 1825 cultior,
669 1748 753 1830 quod
778 1749 905 1813 Urbano
929 1756 1037 1815 nostro
1061 1752 1174 1816 nedum
1207 1752 1286 1818 mihi

160 1835 374 1913 gratissimum
412 1835 479 1896 erit.
528 1835 571 1897 lle
594 1858 643 1899 me
667 1836 783 1916 poteris
814 1835 873 1898 tibi
898 1839 1005 1900 omnia
1038 1844 1222 1903 constanter
1248 1845 1287 1903 ut

166 1919 204 1983 de
227 1921 417 1983 amicissimo
441 1920 587 2002 polliceri.
634 1921 732 1985 Nouis
757 1921 917 2004 Aprilibus
941 1922 1100 1986 MDVIXX
1124 1923 1251 1989 Gothai.

316 2021 376 2076 Cod-
395 2020 460 2075 Frct
480 2022 537 2075 290.

161 2209 252 2266 Gotha.
682 2199 753 2263 338.
1070 2215 1094 2267 5.
1115 2212 1189 2282 April
1209 2215 1284 2268 1514.

501 2327 643 2399 Mutian
667 2349 715 2398 au
739 2327 945 2415 Agricola.⁴

163 2452 377 2522 (Wiederlmlanp
395 2456 439 2507 cler
456 2455 566 2521 fratrem
583 2456 659 2520 Bito,
677 2475 714 2509 ua
723 2458 859 2519 Romilia,
878 2458 926 2508 dus
951 2456 1066 2508 ll'umter
1084 2455 1282 2510 marcomanos.

158 2539 195 2575 aa
218 2523 357 2577 schreiben.
394 2526 531 2589 Rerrcblr'n,
553 2527 643 2578 desset
664 2527 775 2580 Horres
793 2527 824 2579 ia
843 2527 933 2594 ape-ier
956 2525 1070 2586 echudi,
1088 2525 1135 2577 leot
1158 2523 1189 2576 in
1212 2524 1281 2577 Rom

160 2591 222 2647 aare
245 2593 356 2657 Gentio,
375 2594 444 2647 urrrb
461 2594 498 2648 M.
517 2596 562 2647 lul
577 2596 636 2648 eine
652 2596 788 2648 strcr'tbore
806 2595 977 2661 Mareiasclmst
994 2595 1041 2661 [dr
1058 2595 1107 2646 alta
1120 2593 1281 2661 pesommcll.

521 2664 693 2734 Errrpsehlanp
711 2665 754 2718 dra
772 2664 923 2734 Nepotroa.)

207 2777 357 2837 Gregorio
375 2779 539 2840 Agricolae
557 2780 622 2830 etve
640 2780 809 2842 Lengsfelt.
826 2780 964 2841 praetori
981 2789 1148 2835 sacrorum,
1164 2775 1232 2826 viro

411 2865 592 2925 clarissimo,
609 2867 707 2916 amieo
724 2867 840 2926 optimo
857 2865 901 2915 Μ.
919 2863 1029 2915 Rubra.

263 2974 294 3038 S.
344 2975 386 3039 [le
409 2976 531 3040 Joanrrc
568 2977 729 3053 lleuchlin,
754 2998 868 3057 magno
901 2975 1088 3039 Germaniae
1120 2972 1281 3045 miraculo,

160 3061 269 3143 scripsi
303 3062 340 3125 ad
373 3070 404 3126 te
435 3063 527 3126 alias*
562 3070 594 3125 et
629 3064 719 3126 credo
754 3085 808 3145 pro
843 3068 950 3126 nostra
983 3060 1197 3125 familiaritate
1233 3060 1281 3122 vel

160 3149 267 3232 potius
291 3149 429 3212 fraterna
453 3150 618 3212 concordia
640 3150 797 3227 mandavi,
815 3155 850 3211 ut
866 3150 956 3212 dares
971 3148 1010 3211 ad
1027 3169 1096 3210 eum
1115 3144 1281 3228 epistolam

159 3241 191 3298 et
222 3235 419 3317 promitteres
442 3236 533 3299 fidem
565 3241 597 3299 et
627 3235 854 3317 adjumentum,
888 3240 1043 3316 quantum
1072 3233 1103 3294 in
1132 3239 1164 3294 te
1187 3239 1282 3310 esset,

159 3322 309 3385 adversus
333 3322 462 3403 palliata
486 3318 731 3385 mendicabula.⁶
776 3322 810 3384 Si
827 3323 857 3385 id
875 3321 1012 3384 nondum
1038 3318 1157 3388 feceris,
1174 3323 1281 3381 tamen

160 3407 315 3472 facturum
338 3414 369 3471 te
393 3408 525 3471 conlido.
571 3408 673 3471 lustat.
696 3411 726 3470 et
750 3415 840 3487 urget
857 3408 985 3489 quidam
1002 3403 1166 3482 lacobus,⁷
1184 3409 1283 3484 caput

160 3494 284 3559 barbari
317 3496 430 3576 gregis,
461 3516 531 3557 cum
556 3495 621 3557 suis
644 3494 826 3558 theobardis
850 3502 880 3556 et
907 3489 1170 3568 Arnobardistis‚⁸
1201 3511 1282 3571 quos

159 3581 322 3644 universos
347 3582 392 3644 uti
416 3581 556 3664 singulos
588 3602 704 3661 susque
735 3581 833 3662 deque
863 3580 960 3642 habet
990 3578 1131 3660 Capnion
1165 3583 1282 3655 noster,

159 3668 265 3748 magui
302 3667 346 3730 vir
379 3668 476 3730 animi
507 3674 539 3729 et
566 3666 657 3730 fortis
685 3672 717 3730 et
745 3671 872 3749 propter
904 3665 1068 3729 hebraicas
1096 3669 1128 3726 et
1151 3684 1280 3743 graecas

160 3754 276 3833 literas,
300 3754 330 3815 in
356 3754 472 3835 quibus
506 3753 691 3816 mirabiliter
726 3752 861 3829 excellit,
895 3753 1005 3815 merito
1038 3749 1228 3813 venerabilis
1250 3754 1284 3812 et·

162 3840 320 3904 colendus.
365 3839 418 3903 Lis
442 3840 473 3902 in
497 3861 594 3903 causa
616 3838 839 3920 appellationis
865 3840 948 3901 inter
970 3843 1138 3919 utramque
1161 3840 1283 3917 partem

161 3926 275 3990 oborta
298 3926 412 4006 pendet
436 3925 554 4008 Spirae.
600 3924 698 3987 Favet
716 3923 871 4005 Capnioni
887 3924 1180 4005 praestantissimus
1196 3921 1284 4003 quis-

163 4036 233 4094 que.
289 4011 392 4075 Habet
429 4011 479 4074 hic
514 4012 559 4073 vir
593 4012 731 4092 optimus
766 4017 798 4073 et
830 4011 1040 4092 undecunque
1078 4007 1284 4073 doctissimus

163 4100 258 4162 etiam
293 4098 410 4161 Romae
444 4103 593 4178 patronos
626 4097 809 4178 amplissimi
845 4096 963 4160 ordinis
999 4102 1063 4159 tres
1097 4093 1282 4158 cardinales.

231 4271 238 4300 ¹
257 4268 381 4321 liaumlcr
400 4269 489 4319 lrcluto
509 4285 556 4320 rou
576 4267 661 4319 Erlurt
679 4267 746 4319 uaclr
766 4265 873 4319 Breslau
893 4267 997 4319 zuri'relr.
1037 4265 1094 4333 l'gl.
1108 4266 1133 4316 S.
1148 4263 1197 4315 292
1211 4263 1242 4315 A.
1256 4264 1280 4317 7.

163 4338 249 4405 ll'gl.
267 4337 309 4391 Βι·ι
330 4339 386 4390 335».
458 4337 553 4388 3Ζκνῡί
581 4336 663 4389 Adam
691 4335 841 4401 Aselroberg
859 4336 962 4386 werdon
986 4336 1060 4386 uebst
1083 4333 1211 4399 Nepotian
1237 4331 1283 4384 be-

160 4406 224 4459 rcits
242 4406 278 4458 im
297 4406 339 4459 Br.
360 4423 384 4459 r.
404 4405 443 4458 ⁸25.
464 4405 533 4458 lltirr
553 4407 617 4459 1513
637 4405 691 4472 (ΝΥ.
712 4405 772 4472 235)
791 4408 911 4471 [renuunt.
947 4403 1149 4472 Eigenttimlich,
1176 4402 1237 4453 dass
1254 4400 1282 4453 iu

161 4477 212 4528 den
231 4475 289 4543 lolg.
309 4476 372 4527 zuei
392 4474 493 4527 Brietau
515 4492 563 4526 nur·
581 4474 709 4541 Nepotiau
727 4473 875 4540 emplolrlen
894 4473 965 4526 uird.
1037 4472 1106 4524 ‘Bu
1127 4472 1176 4523 335
1194 4471 1211 4522 t.

196 4544 316 4597 ³Ilieser
333 4544 375 4596 Br.
396 4546 430 4610 (r.
450 4543 520 4596 Man
540 4544 615 4610 1513)
635 4543 670 4596 ist
687 4542 812 4594 verloren.
842 4542 897 4610 vgl.
917 4543 941 4595 S.
961 4543 1011 4594 ‘294
1029 4544 1058 4593 A.
1077 4543 1101 4594 tr.
1154 4537 1282 4591 lBettel·

162 4613 420 4737 mblncgrcoellbensg
448 4613 473 4665 iu
498 4611 541 4666 Br.
568 4614 625 4668 343.
697 4610 904 4665 'Hoc-hstrateu.
976 4610 1145 4663 8lleuclrlins
1172 4607 1281 4676 Gegner.
