2774 4966
391 39 1345 279 u-

127 599 192 663 444
546 599 634 654 Briele
652 599 699 654 des
721 600 746 656 J.
768 600 841 656 1511.

128 765 261 830 haberet
282 765 479 848 Spalatinus,
502 770 588 851 quod
610 774 711 852 optat.
758 768 910 850 Aegrotat
925 769 977 832 hic
993 768 1149 850 Georgius
1166 765 1259 844 linet.

128 874 217 916 meus
250 852 419 934 gregalis3'
456 853 537 918 male
571 853 744 919 afflictatur
777 876 797 918 a
827 855 907 918 febri
942 854 1036 918 homo
1069 876 1178 918 senex.
1224 851 1261 916 Si

11 1006 15 1010 Α
129 939 309 1016 decesserit,
355 940 512 1019 principes
550 938 673 1003 dabunt
711 940 897 1003 beneficium
937 940 1135 1003 canonicum.
1192 936 1261 1020 Ego

127 1022 240 1086 dubito
263 1022 302 1084 de
325 1021 500 1104 Spalatino.
546 1023 617 1088 Non
649 1025 745 1088 babet
773 1047 894 1102 aurum,
924 1031 961 1089 ut
984 1025 1038 1088 det
1060 1030 1257 1089 statutorum

127 1108 263 1171 nomine.
302 1108 427 1173 Nothus
443 1107 515 1185 est,²
534 1115 566 1173 et
581 1112 607 1173 si
624 1112 758 1188 adesset,
781 1133 843 1175 non
861 1116 968 1194 posset
991 1111 1087 1174 moris
1103 1112 1260 1174 resistere.

127 1194 268 1258 Locutus
290 1216 359 1257 sum
384 1217 455 1258 cum
479 1195 643 1259 Leonardo
668 1197 768 1279 ipsius
800 1193 966 1277 cognato,⁸
990 1196 1063 1258 dum
1090 1195 1142 1260 hic
1165 1200 1262 1258 esset.

128 1279 257 1357 Dubito,
290 1284 396 1343 utrum
427 1280 520 1343 velim
548 1283 711 1345 certiorem
745 1282 846 1345 farere
869 1283 907 1345 de
929 1281 1031 1354 obitu,
1055 1281 1082 1344 si
1105 1280 1263 1345 acciderit

128 1365 214 1446 quid.
261 1365 318 1427 Dic
352 1370 440 1429 tuam
475 1369 677 1430 sententiam.
725 1367 769 1430 De
802 1367 949 1449 precibus
984 1367 1142 1447 primariis
1179 1365 1263 1429 nihil

129 1449 267 1526 scribis,⁴
302 1452 392 1529 quasi
427 1457 532 1514 tacere
564 1452 625 1515 tibi
659 1452 762 1528 liceat,
793 1457 825 1516 et
848 1454 874 1515 si
898 1453 1016 1527 liceret,
1051 1457 1158 1516 tamen
1194 1472 1261 1515 non

128 1534 268 1599 deberes.
313 1534 393 1599 Nam
418 1535 637 1601 Salimannus‘
660 1537 859 1614 subornavit,
882 1538 937 1619 qui
959 1541 1057 1618 petat,
1081 1541 1113 1600 et
1135 1533 1263 1600 Morus⁸

129 1619 204 1683 huic
227 1622 409 1684 assentitur.
456 1621 624 1686 Praeterea
646 1624 758 1705 scripsi
774 1623 812 1686 de
830 1645 960 1686 munere
984 1620 1181 1686 coemendo.²
1221 1620 1265 1685 Et

127 1710 162 1768 tu
187 1706 315 1787 quidem
332 1711 455 1787 praeter
472 1709 585 1771 vittam
602 1708 680 1772 nihil
697 1710 852 1772 nominas.
892 1707 963 1771 Non
983 1708 1094 1789 placet.
1139 1708 1264 1785 Videre,

129 1791 315 1873 inspectare,
346 1793 480 1855 scrutari
512 1795 619 1857 omnia
649 1794 812 1869 debueras,
837 1799 871 1857 ut
897 1794 1008 1857 honori
1041 1814 1110 1856 meo
1143 1813 1264 1855 consu·

129 1878 254 1940 leretur.
300 1878 381 1954 Quid
405 1878 508 1941 vitta?
530 1881 644 1960 quanti
667 1879 737 1942 est?
781 1880 863 1956 Quid
880 1877 1052 1942 Florinus‘?
1097 1878 1175 1941 Volo
1191 1900 1265 1961 pre·

130 1963 247 2026 tiosum
272 1985 386 2026 munus
411 1963 458 2026 vel
484 1964 613 2028 nullum.
661 1964 775 2046 Cogite
797 1970 828 2028 et
851 1986 929 2038 eme,
953 1965 980 2027 si
1003 1963 1080 2045 quid
1112 1964 1261 2028 excellat.

131 2046 221 2112 Dabo
252 2050 386 2130 pretium
415 2048 509 2113 illico.
555 2049 626 2114 Non
649 2049 785 2124 curabiS,
818 2072 880 2114 non
910 2049 1086 2125 laborabis;
1123 2049 1264 2114 aderunt

131 2135 251 2197 nummi
275 2133 322 2197 vel
342 2136 439 2209 aurei,
455 2136 481 2198 si
499 2134 593 2211 voles,
609 2141 641 2199 et
658 2136 787 2218 reliqua.
833 2136 930 2199 Porro
947 2135 1049 2199 habco
1067 2134 1263 2199 Paaltarium

131 2217 355 2301 stapulensis!
389 2221 465 2302 Legi
481 2221 606 2284 cursim.
643 2220 753 2285 Nescit
768 2221 934 2285 hebraicas
949 2222 1067 2284 literas.
1106 2218 1266 2301 Sequitur

130 2304 364 2388 Hieronymum.
422 2305 484 2369 Sed
517 2305 620 2371 obiter
657 2307 775 2382 inveni,
808 2307 894 2388 quod
928 2307 993 2370 tuis
1028 2305 1264 2389 ineptientibus

131 2391 354 2473 metaphysicis
385 2396 572 2474 opponatur.
619 2392 703 2456 Audi
732 2414 864 2474 quaeso:
902 2392 962 2472 ,ot
993 2392 1078 2473 quod
1113 2391 1264 2455 nonnulli

129 2484 246 2541 vocant
278 2478 412 2559 rigorem
448 2477 578 2558 logicae,
606 2478 746 2561 quidam,
778 2480 833 2559 qui
863 2479 979 2541 rectius
1015 2480 1148 2572 norupt,
1175 2476 1264 2558 juste

130 2562 294 2645 appellant
331 2564 603 2644 importunitatem
642 2564 763 2646 logicae
801 2585 980 2643 arenamque
1017 2568 1048 2626 et
1085 2559 1265 2643 αλογιστον

131 2651 182 2724 (ut
204 2649 249 2712 sic
272 2648 387 2728 dicam)
416 2648 446 2711 h.
471 2671 496 2711 e.
526 2650 654 2712 minime
683 2650 817 2731 logicam
846 2673 883 2713 ac
910 2649 1097 2712 rationalem
1125 2648 1264 2729 garruli·

130 2737 239 2797 tatem.
297 2732 367 2797 Non
403 2736 487 2816 quod
523 2735 634 2798 vitium
666 2737 707 2798 sit
741 2736 820 2798 artis
853 2741 910 2797 aut
944 2733 1141 2816 disciplinae,
1176 2755 1262 2813 quae

130 2820 418 2901 aequenecesearia
433 2819 536 2883 estad
554 2821 649 2901 probe
667 2826 698 2883 et.
718 2821 845 2884 minime
862 2820 1015 2883 fallaciter
1032 2819 1263 2898 disserendum,

131 2909 167 2967 ut
195 2905 402 2987 grammatice
429 2912 461 2968 et
489 2905 643 2969 rhetorice
665 2906 706 2968 ad
730 2907 828 2969 latine
851 2912 883 2968 et
906 2906 1023 2968 diserte
1053 2904 1262 2984 loquendum,

132 2990 187 3053 sed
211 3012 330 3068 eorum,
354 2992 408 3072 qui
433 2992 513 3054 male
535 2992 634 3055 libero
658 2993 724 3055 viro
754 2993 868 3073 dignas
897 2995 981 3054 artes
1012 2990 1264 3072 disciplinasque

130 3080 282 3140 tractant.
339 3076 380 3140 Et
413 3097 580 3158 quousque
612 3079 741 3141 redierit
773 3078 812 3140 ad
847 3098 938 3140 snum
979 3077 1113 3140 nitorem
1152 3080 1263 3139 amota

131 3163 218 3225 omni
242 3162 325 3226 male
347 3163 506 3226 utentium
529 3163 715 3244 impostura,
740 3184 801 3226 non
827 3163 929 3226 solum
952 3160 1133 3235 rationales,
1167 3164 1263 3224 natu·

132 3247 214 3311 rales
237 3252 270 3310 et
292 3248 547 3324 mathematicae,
571 3249 624 3311 sed
649 3250 744 3312 etiam
769 3270 877 3311 sacrae
899 3249 1009 3311 literae
1033 3246 1064 3310 id
1088 3247 1263 3327 patientur,

132 3334 217 3413 quod
240 3333 287 3397 sol
310 3333 436 3415 objectu
460 3335 667 3397 intermediae
698 3333 792 3396 lunae
823 3338 880 3397 aut
901 3333 978 3396 luna
1007 3332 1134 3415 objectu
1162 3332 1263 3395 intar-

135 3420 254 3483 mediae
278 3419 447 3501 opacitatis
471 3424 579 3482 terrae.
625 3419 739 3483 Verum
764 3419 795 3481 id
819 3419 992 3500 deliquium
1016 3417 1116 3482 oculis
1144 3417 1264 3480 mentis

135 3507 308 3569 maximum
333 3505 423 3568 affert
447 3505 681 3568 detrimentum.
727 3505 932 3585 Complurimi
950 3509 1055 3566 tamen
1072 3502 1159 3584 aegri
1176 3508 1264 3580 sunt,

136 3590 192 3672 qui
215 3590 352 3654 volentis
376 3613 487 3654 sanare
503 3612 566 3653 non
584 3591 719 3653 andiunt
736 3590 931 3653 consilium.“
974 3588 1057 3650 Haec
1073 3595 1150 3668 sunt
1167 3586 1264 3650 verba

137 3675 348 3757 Stapulensis‚
372 3675 457 3739 illius
480 3676 566 3740 docti
588 3675 734 3739 hominis.
780 3674 873 3738 Nunc
902 3676 1042 3754 cogitare
1071 3673 1168 3736 debes
1197 3673 1265 3736 lieri

138 3782 201 3825 non
232 3783 325 3843 posse
349 3766 384 3824 ut
407 3761 507 3825 lucem
542 3760 692 3825 infundas
726 3760 910 3824 Trutfetteri
945 3759 1094 3822 tenebris.
1140 3757 1267 3821 Habeat

133 3868 209 3910 siras
244 3846 306 3910 sibi
334 3845 484 3927 regulas.⁹
528 3846 622 3910 Nullo
656 3847 823 3927 praeconio
858 3849 966 3908 nostro
999 3847 1127 3907 crescat.
1173 3843 1265 3906 Nun-

135 3954 232 4012 quam
256 3933 339 3995 eninr
363 3932 440 3995 mihi
464 3931 585 4014 placuit
607 3932 685 3996 illud
709 3931 880 4013 copulandi
902 3952 1024 3998 munus,
1042 3929 1127 4010 quod
1148 3951 1168 3991 a
1191 3929 1265 3993 har-

137 4017 223 4081 baris
267 4019 448 4100 suscipitur.
509 4017 591 4093 Quid
627 4017 725 4081 babet
762 4017 832 4094 iste,
870 4015 954 4097 quod
993 4016 1024 4077 in
1063 4013 1268 4097 philosophia

205 4203 291 4271 ¹Vgl.
303 4203 328 4256 S.
339 4203 465 4258 44215.
520 4202 796 4270 ruglsaruaro.
851 4201 936 4255 ruer
953 4201 1011 4252 hier
1028 4202 1148 4266 genennt.
1203 4198 1267 4251 ⁴M.

137 4273 210 4328 hotta
228 4272 266 4324 im
284 4274 391 4339 rorigon
409 4271 452 4324 Br.
472 4272 613 4358 angelragt.
632 4271 665 4323 ob
683 4287 711 4323 er
729 4271 786 4322 sich
805 4270 847 4322 dic
866 4286 956 4337 preces
981 4268 1118 4336 primariae
1144 4266 1268 4329 (Prason-

136 4340 230 4406 tah'on)
249 4341 383 4393 eru'erben
400 4339 472 4393 solla.
543 4340 622 4392 ⁵arr.
642 4339 797 4391 Kanoniker.
817 4337 841 4390 S.
858 4338 906 4389 138
920 4339 988 4390 A.3.
1059 4335 1113 4387 ⁶8.
1127 4336 1178 4387 4311
1199 4337 1228 4387 A.
1244 4337 1268 4387 7.

172 4409 253 4461 ⁷Fii1·
275 4408 402 4461 Herslold.
439 4408 463 4461 S.
483 4407 534 4458 412
560 4408 648 4459 n.1·2.
720 4406 806 4473 “l'gl
825 4409 849 4456 S.
869 4407 918 4457 131
946 4407 1017 4458 ,1,4.
1088 4403 1151 4455 lll.
1176 4404 1270 4456 urtcilt

137 4475 213 4530 nicht
231 4494 280 4529 nur
296 4477 440 4545 ungiiustig
458 4476 523 4528 iiber
540 4476 704 4528 Truttscttors
714 4474 966 4527 wissensclrastliche
977 4471 1268 4540 Inistungon,sondern

136 4545 207 4597 auch
234 4546 299 4598 iiber
326 4545 416 4598 acinon
443 4543 592 4597 Charaktcr.
671 4543 687 4595 l.
706 4543 731 4596 S.
752 4544 784 4596 it]
805 4547 834 4596 A.
854 4543 877 4595 2.
913 4542 1078 4594 Truttfottcre
1104 4539 1227 4607 Epitomo
1247 4557 1268 4594 s.

171 4613 296 4668 aviarium
315 4613 422 4683 logicae.
458 4612 510 4667 Eri.
532 4613 605 4667 1507.
641 4560 761 4680 Egpitumc
779 4610 939 4666 dialecticae.
975 4609 1027 4664 Eri.
1048 4608 1123 4662 1512.
