2774 4966
126 589 167 653 84
509 586 596 639 Briefe
615 602 665 639 von
687 584 862 640 1505-1508.

127 761 219 825 seriis
243 766 275 825 et
295 760 386 842 jocis,
409 764 445 824 ut
468 783 569 824 mores
600 761 659 825 mei
690 761 805 839 ferunt,
831 762 956 827 alerem.
1000 761 1111 846 Neque
1137 766 1173 827 tu
1200 762 1252 827 in·

127 853 240 929 gratus
263 846 363 923 fuisti,
388 847 441 909 sed
466 869 529 910 uno
552 869 636 911 anno
661 847 816 930 duplicem
841 870 974 913 messem
999 849 1124 924 dedisti,
1147 851 1192 914 ita
1215 854 1253 913 ut

129 934 315 1016 Spalatinus
338 939 445 996 noster
467 935 624 1016 pastorale
642 933 826 997 beneficium
851 940 884 997 et
905 956 963 1016 ego
979 939 1035 999 tua
1052 935 1253 1016 prouidentia

129 1020 280 1083 rusticam
313 1042 397 1082 aram
434 1021 664 1082 messuerimus.
707 1021 817 1096 ,Quare
850 1023 958 1084 amicti
992 1043 1139 1104 purpura,
1173 1043 1252 1085 auro

129 1107 325 1186 gemmisque
348 1106 485 1168 redimiti
509 1111 540 1168 et
563 1128 617 1188 per
639 1112 670 1168 te
694 1108 724 1168 in
750 1106 845 1187 regali
866 1107 944 1170 solio
961 1107 1106 1171 collocati
1123 1108 1254 1172 dextras

129 1192 188 1254 tibi
213 1193 334 1266 damus,
359 1193 473 1273 pignus
496 1191 672 1255 immortale
695 1200 761 1256 tum
787 1200 913 1256 nostrae
936 1216 1010 1274 erga
1031 1199 1064 1257 te
1086 1193 1158 1257 fidei
1182 1200 1252 1258 turn

130 1277 244 1340 indulti
277 1280 413 1341 muneris
442 1279 498 1340 tui.
544 1277 696 1358 Equidem
721 1283 752 1341 te
775 1279 875 1342 colam
908 1279 1020 1343 officiis
1050 1280 1255 1361 sempiternis

128 1370 160 1427 et
181 1365 265 1445 grati
297 1365 394 1426 animi
427 1364 679 1427 benevolentiam
710 1364 885 1427 declarabo,
931 1365 1074 1448 Denique
1104 1366 1255 1430 resolutis

129 1450 223 1513 etiam
249 1456 348 1513 morte
371 1450 556 1531 corporibus
581 1457 784 1514 monumenta
808 1452 853 1513 tui
872 1452 902 1513 in
920 1474 969 1513 me
987 1451 1130 1515 beneficii
1144 1463 1158 1492 ¹¹
1181 1475 1255 1535 per·

131 1535 314 1600 manebunt.
361 1534 443 1599 Vale.

284 1635 345 1690 Cod.
365 1634 429 1690 Frof.
449 1636 490 1691 m.

129 1773 244 1841 (truria.)
667 1757 717 1820 77.
978 1775 1012 1842 (n.
1033 1773 1073 1827 ao.
1092 1772 1146 1826 run
1167 1773 1256 1844 1507.)

499 1864 642 1935 Mutian
664 1884 713 1935 an
736 1865 874 1936 Urban.

129 1977 221 2044 (tranr-
237 1977 285 2043 sr'r'r
302 1977 395 2029 Butler
411 1977 468 2028 tund
486 1976 554 2029 ld'ise
571 1977 629 2030 carrd
651 1977 804 2045 Bclolmunp
828 1978 880 2030 rrrr't
897 1981 915 2029 4
932 1976 1118 2097 Bridama-apen.
1158 1978 1257 2031 naues

269 2045 412 2098 Hnbsuclrt.
448 2045 587 2099 Frorrrrrrcr·
609 2046 723 2100 tl'unsm
741 2047 789 2113 scir·
808 2047 947 2115 §budaliae
969 2046 1116 2111 I'arocn’c.)

141 2144 182 2194 Η.
199 2143 336 2202 Urbano,
354 2144 422 2192 viro
442 2144 552 2193 unicae
570 2144 798 2203 moderationis,
816 2149 948 2205 patrono
967 2156 1023 2194 suo
1041 2141 1096 2209 (Μ.
1114 2144 1238 2212 Rufus).

232 2235 263 2300 S.
311 2237 520 2318 Agitabamus
544 2237 660 2302 laetum
685 2239 765 2301 diem
790 2239 879 2301 aviae
903 2237 1030 2313 Christi,
1054 2259 1135 2318 quae
1156 2261 1256 2321 nepo·

129 2324 233 2386 tulum
257 2327 288 2386 et
311 2324 408 2385 liliam
431 2324 501 2385 sinu
527 2329 640 2404 portat,
670 2332 701 2386 et
724 2325 921 2388 commodum
953 2324 1070 2387 affuere
1100 2325 1256 2389 ruricolae

128 2411 176 2472 tui
200 2409 367 2472 offerentes
389 2410 557 2489 sexaginta
580 2431 688 2473 caseos
711 2417 741 2473 et
765 2413 868 2473 sinum
894 2410 998 2491 butyri
1023 2410 1158 2492 plenum.
1195 2411 1257 2474 Vo-

129 2496 229 2558 lenter
263 2497 378 2577 accepi.
424 2493 487 2558 Sed
517 2496 594 2576 quid
625 2498 776 2560 mercedis
808 2497 986 2578 rependam,
1011 2496 1128 2559 nescio.
1173 2496 1254 2562 Dedi
1302 2576 1305 2580 Ι

130 2581 315 2645 viaticulum
339 2590 371 2644 et
396 2580 549 2644 modicam
575 2581 636 2645 illis
663 2583 847 2664 sportulam,
879 2582 1012 2646 daturus
1044 2581 1103 2645 tibi
1129 2582 1254 2662 justum

129 2668 294 2751 pretiumb
317 2673 348 2729 et
373 2688 427 2748 pro
450 2668 591 2730 auctario
615 2668 671 2731 lias
695 2690 780 2731 mens
803 2669 1041 2731 observationes
1058 2669 1096 2730 de
1113 2669 1254 2747 formica,

129 2754 168 2816 de
191 2753 349 2829 cancellis,
373 2753 411 2816 de
434 2752 507 2815 feris
530 2753 642 2817 ovibus
666 2760 697 2817 et
720 2755 757 2818 de
780 2775 910 2817 numero
933 2754 1122 2835 septenario.
1167 2753 1255 2819 Scite

130 2838 327 2922 scienterque
351 2838 512 2902 fabulatur·
538 2844 680 2921 Aesopus
700 2841 860 2902 formicam
880 2840 954 2903 olim
972 2840 1130 2904 bominem
1147 2840 1255 2918 fuisse,

130 2948 210 3006 quae
227 2947 290 2988 non
307 2926 440 3007 propriis
456 2925 618 2988 laboribus
634 2931 786 2990 contenta
802 2927 976 2989 vicinorum
993 2947 1120 3010 quoque
1133 2927 1256 2992 fructus

132 3012 304 3075 auferebat.
351 3012 398 3074 dx
422 3032 484 3091 quo
508 3011 694 3091 indignatus
716 3013 839 3092 Jupiter
867 3013 1106 3093 transfiguravit
1129 3035 1197 3076 eam
1223 3014 1255 3077 in

132 3098 297 3160 bestiolam
322 3098 493 3172 formicam,
518 3120 598 3179 quae
621 3099 789 3178 pristinum
813 3099 986 3161 furatrinae
1008 3099 1156 3161 aflectum
1183 3100 1257 3161 reti-

131 3206 209 3246 nens
233 3184 353 3264 colligit
380 3182 500 3246 alienos
531 3184 656 3246 labores
684 3185 889 3265 reconditque
912 3185 944 3246 in
968 3185 1126 3248 thesauro.
1173 3186 1255 3261 (trtid
1318 3218 1323 3227 ·

129 3268 332 3351 Hennignus¹
359 3270 417 3331 erit
446 3275 518 3349 post
544 3270 634 3332 fata?
679 3270 770 3332 Certe
801 3271 939 3333 formica.
984 3269 1065 3333 Nam
1096 3293 1190 3335 omne
1218 3271 1256 3335 li·

133 3356 278 3419 bellionis
302 3355 386 3418 illius
410 3354 548 3418 osticium
574 3363 621 3418 est
643 3377 696 3418 aes
719 3356 857 3418 alienum
874 3356 1044 3419 corradere.
1090 3356 1256 3422 Cancellos

132 3446 247 3505 uocant
271 3441 409 3524 parochi,
434 3440 538 3523 qualis
562 3451 610 3504 est
632 3449 688 3504 tua
703 3442 807 3523 gratia
823 3441 1017 3523 Spoletinus,
1035 3463 1110 3505 voce
1126 3444 1255 3524 quidem

131 3529 266 3609 protrita
300 3528 353 3590 sed
389 3527 557 3590 admodum
593 3528 716 3590 erudita
750 3529 877 3590 sacrarii
913 3529 1086 3609 digniorem
1123 3538 1254 3610 partem.

133 3613 212 3677 Nam
236 3614 367 3677 caucelli
391 3613 529 3677 claustra
551 3621 626 3677 surrt
648 3618 680 3675 et
702 3620 812 3695 saepta
829 3614 972 3694 fiuntque
990 3615 1083 3695 lignis
1100 3616 1131 3677 iu
1150 3622 1256 3680 trans-

133 3722 256 3763 uersum
281 3701 432 3763 connexis
455 3700 493 3763 ad
518 3700 756 3762 similitudinem
782 3702 866 3763 retis.
913 3700 994 3781 Ergo
1019 3707 1103 3764 recte
1121 3703 1255 3766 diceres:

133 3787 362 3850 contionaturb
385 3787 536 3868 prospicit
559 3808 612 3868 per
634 3786 802 3859 cancellos,
827 3794 858 3848 et
881 3809 935 3850 ara
960 3787 1057 3869 major
1080 3809 1152 3851 curn
1181 3789 1256 3851 sub-

130 3873 227 3936 selliis
261 3873 345 3935 intra
373 3872 529 3935 cancellos
565 3878 621 3936 est.
667 3870 750 3935 Sunt
783 3895 868 3949 ores,
902 3895 982 3953 quas
1015 3875 1096 3936 feras
1131 3880 1255 3951 uocant,

131 3960 235 4042 qualis
251 3964 300 4021 est
316 3965 466 4022 auctorec
488 3958 591 4021 Plinio
608 3958 900 4039 camelopardalim
930 3959 995 4022 lllis
1009 3966 1056 4022 est
1070 3982 1166 4023 cornu
1183 3983 1258 4024 acu-

130 4052 198 4108 turn
223 4053 254 4109 et
278 4045 364 4108 frons
395 4066 500 4107 saxea.
547 4044 630 4107 Ileus
653 4044 764 4124 abigat
795 4045 874 4108 tales
898 4067 971 4107 oues
994 4068 1033 4107 ex
1056 4048 1203 4128 pastione
1226 4056 1258 4111 et.

133 4180 138 4194 .
165 4182 171 4194 .
197 4144 231 4194 ,θ
255 4129 466 4213 Spalatinea.²
514 4131 627 4193 Absint
645 4136 798 4194 orestem
816 4131 1038 4210 formidabiles,
1058 4156 1096 4194 ne
1112 4133 1258 4196 saeviant

131 4218 163 4280 in
188 4219 320 4281 exitium
338 4220 350 4255 ὓ
373 4218 447 4280 boui
472 4218 616 4297 pastoris.
664 4218 709 4278 ,ld
735 4239 897 4280 numerum
922 4220 1136 4298 septenarium
1160 4221 1257 4300 perti-

131 4309 209 4367 nent
232 4303 285 4366 Vll
316 4306 475 4388 sapientes
498 4308 529 4365 et
552 4303 615 4366 tilia
644 4302 753 4379 multa,
785 4325 866 4383 quae
896 4306 1021 4385 copiose
1050 4304 1110 4367 tibi
1143 4304 1258 4385 dicam,

134 4424 328 4434 ...ἡ-.-

198 4473 246 4525 att
264 4478 295 4525 st.
314 4473 346 4528 ci.
400 4472 499 4524 beist.
519 4471 547 4523 ti.
617 4471 759 4526 cantune.
814 4474 827 4512 d
842 4471 941 4523 camelo
960 4471 1080 4539 pardalis.
1145 4474 1259 4530 scaete

130 4539 187 4606 (fiir
204 4542 247 4594 ein
263 4542 436 4608 priecln'sclres
462 4539 571 4600 ll'or·t.“').

201 4611 321 4665 ¹Gocdo.
357 4611 382 4666 S.
403 4613 434 4664 :3
455 4615 484 4665 A.
505 4613 526 4664 l.
597 4608 838 4664 ‘Holrcnkirclren
874 4609 899 4662 S.
918 4609 952 4662 80
971 4612 1000 4664 A.
1022 4612 1033 4661 1
1057 4626 1083 4666 n.
1104 4626 1160 4667 ror.
1179 4612 1224 4670 Br.
