2774 4966
338 651 438 737 ¹'Urbau
457 677 490 736 an
510 664 671 735 Hartmanu.
708 676 811 732 blutian
830 693 864 731 an
883 677 1011 735 Harbord.
1178 680 1240 746 303

114 858 241 918 tuorum
277 854 357 916 bene
395 853 524 932 credita,
561 855 681 918 nullam
719 852 863 916 bellicam
902 852 1095 931 vastitatem,
1134 853 1238 916 nullos

116 940 248 1005 hostiles
287 941 440 1016 incursae,
480 939 599 1004 nullam
638 939 773 1020 denique
811 940 989 1002 molestiam
1026 944 1059 1003 te
1098 939 1240 1020 praeside

116 1050 257 1101 sensura,
281 1026 334 1088 sed
359 1032 544 1109 perpetuum
569 1026 730 1090 felicitatis
753 1030 894 1088 tenorem
918 1029 1080 1088 retentura
1101 1030 1240 1107 putatur.

116 1114 325 1188 Quamobrem
350 1113 406 1175 tibi
430 1112 580 1192 gratulor,
610 1113 743 1175 illustris
759 1113 904 1194 princeps
921 1116 952 1174 et
968 1112 1094 1174 domine
1110 1112 1242 1174 summis

117 1201 212 1280 digne
237 1200 365 1262 laudum
389 1199 576 1280 praeconiis,
600 1200 683 1280 quod
720 1198 887 1260 monastici
922 1198 1059 1260 nominis
1093 1198 1242 1280 amplitu-

117 1286 220 1347 dinem
246 1286 285 1347 ad
310 1291 434 1347 tantum
459 1284 589 1347 honoris
613 1285 775 1363 fastigium
800 1285 972 1346 subvectus
989 1290 1020 1346 et
1035 1284 1117 1346 tueri
1141 1284 1243 1365 possis

117 1378 148 1433 et
164 1372 272 1451 augeri
297 1372 383 1433 velis.
430 1371 581 1433 Gratulor
597 1377 628 1433 et
645 1370 760 1433 scholis
778 1371 970 1433 eruditorum
990 1370 1041 1451 (de
1057 1369 1106 1432 his
1122 1369 1243 1451 loquor,

117 1459 170 1539 qni
208 1462 283 1519 sunt
318 1457 500 1537 eloquentia
534 1457 722 1528 nitidiores),
758 1457 812 1538 qui
847 1479 956 1519 omnes
979 1462 1011 1519 te
1034 1461 1179 1537 patrono,
1211 1462 1243 1519 te

116 1542 299 1606 Maecenate
334 1543 433 1605 bonas
471 1543 578 1605 literas
613 1544 758 1605 alacriter
781 1566 799 1604 a
822 1543 886 1605 situ
920 1542 1072 1625 recipient
1107 1546 1139 1605 et
1172 1564 1243 1605 curn

118 1629 261 1692 barbaris
286 1634 341 1691 tuo
362 1628 433 1691 freti
451 1630 608 1711 praesidio
626 1628 831 1691 dimicabunt.
871 1629 988 1691 Ductor
1004 1629 1086 1691 enim
1104 1628 1244 1691 cohortis

122 1714 277 1778 literariae
308 1715 469 1777 lllutianus
497 1737 560 1778 non
590 1715 707 1777 desinit
730 1736 787 1776 nos
810 1714 926 1777 milites
950 1736 1023 1778 suos
1047 1714 1176 1790 hortari,
1207 1719 1244 1777 ut

120 1823 289 1883 sequamur
321 1807 466 1863 auctores
490 1801 720 1864 illustrissimos
743 1808 837 1883 teque
860 1801 954 1864 sortis
978 1801 1246 1863 eminentissimae

122 1888 284 1950 custodem
309 1891 340 1949 et
363 1893 616 1950 conservatorem
641 1891 782 1949 nostrum
801 1886 974 1950 salutemus
997 1890 1029 1949 et
1053 1909 1243 1950 veneremur.

120 1973 218 2055 idque
241 1995 310 2035 curn
336 1972 414 2035 alias
437 1977 504 2035 tum
530 1995 628 2054 nuper
652 1973 789 2034 carmine
821 1973 922 2050 nobis,
952 1972 1035 2055 quod
1058 1975 1090 2034 te
1113 1973 1243 2052 dignum

93 2067 177 2129 est,
200 2060 367 2141 persuasit.
415 2058 497 2134 Vale,
522 2059 617 2122 decus
641 2058 813 2122 literarum.

274 2159 333 2211 coo.
354 2158 419 2212 Frcl.
440 2159 496 2212 llll.

123 2347 237 2415 (cotia.)
645 2333 716 2395 246.
1017 2347 1056 2399 aa.
1077 2347 1127 2400 uir
1148 2348 1245 2416 (rma).

470 2459 612 2529 llutian
637 2480 683 2529 an
707 2459 905 2529 Harbord.¹

121 2587 273 2653 (lirrrrir'rsr
301 2604 384 2654 creperi
409 2605 493 2639 senus
518 2589 653 2656 Airai-lpas
678 2589 733 2655 aas
750 2591 797 2641 den
823 2589 917 2641 licitur
940 2586 986 2637 dm·
1015 2585 1182 2649 liriacrsr'lr'it,
1206 2587 1248 2639 ola

122 2657 167 2707 iliu
188 2657 260 2708 scrire
277 2656 396 2722 astrapen
415 2674 451 2708 ou
470 2657 512 2708 (lie
530 2657 546 2708 I
548 2658 702 2726 'lrr'losrprlreu
722 2659 881 2725 ulrpcordrrcl,
900 2672 945 2707 auu
965 2655 1012 2721 fiir
1028 2656 1070 2707 die
1085 2657 1247 2709 Boiu-lurica

289 2725 333 2776 das
352 2726 444 2777 Rechts
461 2743 507 2776 um
527 2727 602 2777 einen
622 2728 785 2794 illle-rubidae
806 2728 915 2794 Arrsrup
932 2741 968 2775 au
985 2723 1083 2786 bellun.)

389 2842 571 2893 Herebordo
589 2844 761 2904 Margarito
781 2841 835 2910 (Μ.
852 2842 974 2912 nurus).

224 2949 256 3014 S.
303 2951 379 3015 Post
401 2953 494 3017 deum
530 2977 621 3017 suum
657 2957 770 3038 cuique
803 2956 942 3020 animum
977 2955 1141 3019 colendum
1178 2974 1246 3014 esse

119 3059 180 3099 non
205 3037 340 3118 ignoras.
387 3040 491 3102 Animi
515 3047 620 3104 autem
645 3043 749 3104 cultus
766 3048 813 3105 est
829 3042 1043 3105 multiformis.
1090 3039 1243 3119 Theologi

118 3123 238 3186 babent
261 3146 318 3186 sua
342 3126 561 3200 iustrumenta,
586 3128 703 3208 quibus
725 3151 792 3191 sese
816 3128 936 3191 faciant
959 3128 1113 3192 meliores.
1151 3125 1243 3188 dure-

118 3210 263 3273 consulto
297 3213 374 3273 satis
398 3220 446 3274 est
468 3236 504 3275 ea
527 3212 659 3288 cultura,
694 3236 775 3296 quae
809 3220 974 3297 praecepta
1010 3216 1112 3295 legum
1138 3217 1170 3275 et
1192 3213 1240 3273 in-

118 3297 234 3359 stituta
271 3297 393 3378 longor
430 3305 570 3382 tempore
608 3302 812 3381 comprobata
850 3303 1000 3364 continet..
1047 3300 1083 3362 ln
1116 3298 1240 3378 legibus

117 3389 223 3444 antem
263 3384 326 3446 tuis
362 3406 587 3466 saepenumero
627 3387 741 3467 legitur
776 3391 808 3450 et
843 3388 983 3451 civiliter.
1014 3385 1173 3468 agendum
1210 3388 1242 3447 et

119 3469 327 3532 humanitatis
362 3470 539 3535 habendam
574 3494 641 3535 esse
675 3473 839 3536 rationem.
897 3473 986 3549 Quod
1023 3494 1094 3535 curn
1130 3471 1176 3533 ita
1209 3492 1243 3531 se

118 3554 234 3617 babere
263 3556 433 3636 intelligas,
463 3557 557 3620 redde
579 3559 744 3634 rationem,
768 3582 823 3623 cur
846 3565 1007 3635 rectorem,
1043 3559 1145 3620 virum
1182 3558 1245 3637 pri-

119 3641 251 3703 marium
286 3648 318 3704 et
350 3642 503 3724 imprimis
537 3643 718 3715 eruditum,²
754 3645 850 3708 verbo
883 3645 1042 3728 presseris.
1101 3644 1148 3706 An
1183 3642 1243 3707 tibi

116 3748 214 3809 parva
238 3727 361 3790 videtur
384 3729 548 3810 impressio
574 3753 611 3793 ne
634 3731 735 3794 dicam
759 3732 883 3813 injuria,
906 3732 952 3795 sic
979 3730 1105 3813 publice
1125 3730 1243 3792 bonum

118 3815 303 3893 magistrum
342 3815 547 3878 contundere:
596 3817 731 3897 ,Perdat
765 3822 796 3881 te
830 3817 916 3891 deus,
955 3822 1056 3880 rector
1093 3813 1232 3879 inclite.“

117 3899 265 3962 imitatus
289 3922 321 3961 es
344 3901 479 3964 arbitror
508 3902 615 3966 divum
649 3903 791 3976 Paulum,
822 3906 876 3984 qui
909 3903 1116 3967 consimiliter
1149 3901 1245 3964 male-

117 3986 201 4048 dixit
240 3986 345 4048 nescio
383 4009 474 4067 quem
513 3989 702 4069 objurgans:
740 3991 917 4070 ,Percutiet
952 3997 983 4052 to
1019 3990 1105 4062 deus,
1142 3989 1244 4069 paries

118 4070 310 4135 dealbate.“³
363 4073 521 4147 Putaram¹
544 4097 598 4138 vos
626 4077 779 4156 singulari
813 4081 986 4158 mutuaque
1022 4074 1243 4138 benevolentia

119 4159 294 4221 ‹levinctsos
340 4157 511 4224 Credebam
532 4167 561 4223 te
574 4162 719 4242 justitiae
737 4163 873 4241 regulam
892 4183 993 4225 nosse.
1034 4161 1114 4224 Prolr
1133 4166 1243 4223 sancte

117 4245 257 4327 Jupiter!
295 4245 515 4327 Praeceptores
532 4259 696 4328 protervus
713 4249 886 4329 discipulus
906 4248 1084 4311 contristat.
1123 4247 1247 4326 Legunt

118 4335 151 4392 te
184 4330 323 4411 collegae
356 4334 402 4394 tui
438 4333 478 4395 ad
512 4334 725 4415 philosophos.
787 4336 976 4397 Persuadere
1011 4334 1174 4412 debueras,
1212 4339 1247 4396 ut

304 4498 316 4525 0
406 4525 410 4533 ,

187 4518 301 4640 tiginga?
319 4588 349 4639 A.
373 4590 392 4639 l.
464 4589 474 4620 ²
493 4587 589 4640 licitur
607 4589 653 4640 dcr
673 4587 834 4640 Universrtiit
852 4604 903 4640 ron
922 4587 974 4640 Mai
993 4587 1033 4639 bis
1052 4554 1166 4641 Oltober
1185 4591 1250 4640 1513

121 4670 178 4708 war
197 4657 317 4709 Andreas
340 4656 423 4710 Schill
451 4658 483 4708 dc
503 4651 594 4713 llmcn.
625 4673 758 4709 sacrarum
783 4657 895 4709 clrurtar.
914 4655 1002 4709 licent.
1020 4656 1264 4724 pbilosopliiaeuse

125 4725 277 4793 encyclicae
296 4725 343 4789 dr,
358 4727 473 4779 canonic.
494 4726 581 4779 Soror.
609 4726 671 4796 (llis.
691 4725 779 4797 Matr.)
852 4724 1085 4796 ³tpostclgescli.
1099 4727 1196 4789 'Essa
