2774 4966
355 660 461 714 Mation
479 675 513 712 an
532 656 631 713 Urban.
670 634 774 709 Mutian
792 670 827 709 an
845 654 992 710 husardus.
1169 632 1232 718 273

110 836 210 905 libros
242 836 380 900 novitios
410 830 644 898 communicet'
690 831 724 893 In
757 830 855 912 primo
886 851 1001 904 vereor,
1030 853 1069 894 ne
1092 830 1229 895 dicatur:

111 929 175 987 wit
198 923 362 1002 stationae
390 926 440 980 otu
469 919 604 980 dolatico
626 914 808 991 arretinum?
852 916 887 978 In
911 916 1059 992 secundo,
1082 940 1121 981 ne
1143 919 1232 981 dam.

111 1033 189 1082 nosa
212 1009 270 1072 fiat
301 1006 500 1088 permutatio.
558 1002 683 1066 Tertius
718 1025 797 1083 quos
831 1002 889 1064 tibi
924 1003 1076 1065 indicavit
1108 1005 1232 1068 codices

112 1098 172 1161 sibi
196 1095 282 1170 emit,
308 1093 334 1155 si
357 1113 453 1175 puero
478 1089 595 1165 credas,
619 1110 711 1168 quem
736 1089 831 1151 frater
860 1110 961 1151 novus
991 1088 1136 1153 maritus²
1170 1090 1232 1153 huc

111 1184 237 1264 legavit.
286 1178 358 1241 Vale
388 1185 420 1239 et
448 1178 575 1256 impera.
621 1174 757 1249 Faciam,
790 1197 870 1255 quae
901 1174 960 1238 tibi
991 1175 1155 1256 profutura
1185 1178 1233 1238 in-

111 1270 263 1350 telligam.
304 1263 407 1327 Offero
425 1263 516 1325 tidem
542 1266 573 1323 et
595 1262 885 1323 constantissimam
909 1261 1120 1325 sedulitatem.
1159 1261 1233 1324 Pro-

110 1356 191 1419 festo
215 1349 420 1435 Epiphaniae.

266 1451 327 1505 Cod.
345 1448 413 1503 Frcf.
435 1447 491 1503 1¹23.

54 1649 59 1656 '
111 1661 207 1715 eorm.
636 1638 707 1701 218.
1002 1655 1040 1707 ra.
1059 1654 1117 1707 nn.
1136 1655 1233 1724 (1513).

441 1765 586 1836 Mutian
609 1786 657 1835 au
679 1764 903 1834 lllusardus.⁸

111 1897 272 1967 (amardus
288 1897 334 1949 hof
352 1895 475 1948 lfuh'aus
494 1894 633 1962 allaturum
650 1911 702 1946 aar
724 1894 842 1947 thracem
860 1895 987 1962 dahemc‘yt
998 1896 1056 1947 aaut
1071 1896 1121 1947 soll
1136 1895 1234 1961 senaar·

224 1967 274 2018 nin
291 1965 439 2032 schamam,
457 1981 505 2016 rem
522 1963 571 2016 den
589 1963 704 2016 Feiudeu
722 1964 794 2015 leina
812 1963 956 2016 Hondlrube
973 1981 1009 2016 aa
1026 1964 1126 2031 osaea)

275 2078 423 2130 Musei-do
440 2078 508 2128 viro
526 2077 710 2137 philosopho
729 2082 760 2128 et
777 2078 891 2137 insigni
908 2078 952 2128 M.
970 2075 1079 2128 Rufus.

218 2189 250 2255 S.
298 2190 416 2266 Laudo,
439 2189 525 2271 quod
547 2189 679 2271 obsequi
702 2189 831 2253 studeas
853 2192 953 2254 amico
980 2191 1059 2254 bene
1084 2189 1225 2253 monenti

114 2301 179 2342 non
212 2276 298 2359 quod
328 2276 485 2357 voluptati
508 2276 550 2338 sit
572 2280 629 2339 aut
650 2274 710 2338 tihi
733 2280 789 2338 aut
821 2275 898 2338 milri
929 2277 1090 2340 silentium
1123 2282 1237 2358 (neque

117 2368 200 2429 enim
224 2362 435 2445 Pythagoraei
451 2383 570 2436 sumus,
591 2361 758 2425 infantiam
775 2382 901 2442 quoque
916 2363 1100 2426 cultissimis
1116 2363 1237 2427 artibus

119 2449 396 2534 propalavimus),
434 2447 488 2511 sed
525 2449 599 2530 quia
636 2453 686 2511 tot
722 2449 884 2525 invisores,
920 2453 970 2512 tot
1007 2451 1102 2512 mouri
1143 2449 1237 2513 rebus

119 2537 236 2601 nostris
268 2535 458 2598 insidiantur
481 2539 511 2616 et
534 2535 588 2614 qui
620 2535 673 2596 vix
704 2534 857 2617 plehejam
892 2535 1066 2598 doctrinam
1089 2558 1108 2598 a
1130 2535 1238 2599 limine

118 2622 310 2687 salutarunt.
355 2619 399 2684 De
422 2620 525 2683 doctis
559 2623 665 2682 lerunt
699 2622 888 2684 sententiam
921 2622 1036 2704 oppido
1059 2643 1154 2702 quam
1177 2621 1237 2684 ini-

116 2730 223 2792 quam,
263 2711 426 2788 poetarum
463 2727 588 2787 gregem
627 2705 791 2769 haereseos
827 2706 917 2770 nota‘
955 2709 1023 2771 sine
1059 2707 1239 2770 discrimine

117 2793 317 2860 maculantes
339 2796 380 2872 et,
405 2791 496 2873 quasi
519 2813 577 2854 nos
600 2796 721 2874 poetae,
745 2796 853 2855 nostra
876 2793 1063 2857 cavillantur
1085 2798 1116 2857 et
1139 2792 1238 2856 Tran-

116 2879 312 2963 quillitatem
345 2877 579 2941 calumniantur
612 2882 642 2940 et
674 2878 826 2941 libentius
863 2878 979 2941 latroni
1015 2879 1238 2961 perditissime,

118 2966 209 3048 cujus
232 2964 356 3028 facinus
379 2967 593 3045 nuperrimam
617 2965 758 3044 exponis.
783 2986 878 3044 quarn
902 2965 993 3028 nobis
1017 2965 1132 3027 favent.
1173 2964 1238 3044 Ego

118 3074 181 3115 non
217 3072 287 3114 snm
322 3050 368 3112 ita
400 3049 498 3112 hebes
528 3055 560 3111 et
583 3050 746 3131 imperitus
780 3049 940 3132 popularis
973 3051 1128 3126 uafritiae,
1162 3052 1237 3131 quin

118 3138 256 3202 sentiam
281 3135 360 3198 nihil
382 3136 484 3198 tutius
507 3157 575 3198 esse
595 3136 730 3198 silentio.
777 3135 857 3198 Nam
874 3135 1106 3218 qualiacunque
1123 3137 1240 3200 scriba·

119 3246 201 3299 mus,
234 3225 402 3286 autumant
439 3221 559 3284 indocti
595 3243 651 3284 nos
684 3221 721 3283 de
756 3244 789 3284 se
823 3225 1027 3286 commentari
1065 3228 1097 3286 et
1134 3223 1239 3286 omnia

119 3311 248 3392 lingunt
271 3312 303 3372 et
325 3329 436 3371 nocere
466 3307 647 3370 moliuntur.
693 3307 771 3371 Illud
802 3315 887 3371 certo
918 3309 992 3386 scio,
1016 3310 1042 3371 si
1065 3308 1241 3390 profitearis

119 3405 153 3461 te
187 3395 364 3460 Matianum
400 3392 513 3470 odisse,
547 3393 729 3456 habiturum
763 3398 795 3455 te
829 3394 979 3476 plurimos
1009 3394 1178 3458 familiares
1209 3399 1241 3458 et

121 3487 283 3565 patronos.
330 3479 390 3543 Sed
426 3480 500 3560 quia
524 3479 555 3541 id
578 3480 637 3543 tibi
661 3501 752 3543 nemo
786 3481 976 3560 persuaserit
1000 3485 1031 3543 el.
1052 3481 1170 3543 firmior
1193 3485 1241 3543 est

122 3571 154 3632 in
180 3566 322 3630 amicitia
343 3565 508 3628 retinenda
531 3565 703 3628 dexteritas
727 3572 782 3628 tua
804 3566 896 3645 plena
919 3567 1070 3642 caritatia
1095 3587 1189 3646 quam
1205 3570 1242 3630 ut

120 3658 252 3718 auctore
267 3650 382 3727 Mom0,
394 3651 564 3733 impulsore
581 3651 667 3713 Zoilo
685 3652 811 3713 deficias
827 3675 843 3714 a
862 3654 1013 3715 comitatu
1030 3652 1241 3728 sanctissimo,

120 3739 244 3804 tacebis
278 3736 317 3800 ad
352 3742 486 3819 tempus.
518 3744 553 3799 ut
588 3739 686 3800 nostri
720 3738 955 3800 obliviscantur.
1002 3738 1035 3799 ld
1068 3737 1171 3818 ipsum
1194 3737 1240 3800 nti

121 3825 249 3890 facilius
286 3829 435 3905 praestes.
471 3823 532 3885 duo
563 3846 647 3885 nunc
684 3824 820 3887 remedia
858 3824 1071 3905 proponimus,
1108 3824 1241 3886 alterum

121 3911 350 3993 strangensem,
381 3909 513 3971 alterurn
540 3911 705 3990 poeticum.
755 3908 876 3990 „Sinite
908 3932 960 3971 eos
990 3909 1107 3986 ahire“,
1139 3910 1243 3991 inquit.

119 4004 251 4063 aeterna
283 3996 408 4067 vairas,
444 3997 537 4075 „quia
560 3996 642 4057 caeci
667 4002 742 4057 sunt
766 3998 823 4076 ipsi
848 4002 880 4058 et
903 3996 996 4058 ducas
1020 3996 1155 4058 eornm.“
1202 3995 1243 4056 El.

120 4084 240 4167 nasein,
265 4082 354 4163 cnjus
376 4082 418 4143 sit
443 4081 501 4144 hoc
525 4104 665 4144 carmen:
693 4081 1098 4163 ῃ(11111111111111ρεῐςθῐηρρν
1121 4082 1243 4162 placeas

120 4345 175 4393 arat
196 4340 253 4391 huf.
275 4340 340 4390 1:315
358 4337 491 4389 vorliclron
514 4339 592 4390 ward.
630 4338 677 4390 llio
702 4339 760 4405 fulg.
779 4339 864 4390 llriolo
882 4339 939 4390 sind
959 4339 1010 4391 roll
1031 4357 1081 4391 ron
1101 4342 1147 4393 dor
1164 4339 1242 4405 Sargo

121 4427 168 4462 um
189 4407 321 4476 Spalalius
346 4406 459 4474 lliplonr.
495 4406 568 4458 Naeh
589 4408 649 4458 l'od.
667 4407 718 4458 3ao
736 4418 767 4474 (a.
791 4411 865 4473 lull)
886 4408 968 4459 liolral
984 4425 1012 4459 es
1029 4408 1085 4460 oiun
1104 4410 1245 4462 stiidtisclio

121 4478 240 4532 Plriinde
267 4476 373 4529 Gothas.
403 4475 501 4527 n'elclro
531 4475 619 4527 hislwr
636 4477 678 4527 oin
696 4476 761 4529 altor
780 4479 837 4528 doni
857 4478 924 4529 'lodo
942 4478 1024 4529 nana·
1051 4479 1197 4530 lianoniker
1214 4482 1243 4530 (l.

122 4548 195 4601 Busa
214 4546 336 4599 beaossen
355 4546 434 4597 liutto.
508 4547 514 4575 ¹
534 4547 590 4596 Ans
609 4545 720 4613 lnipaig.
757 4546 809 4597 Iler·
830 4548 936 4612 lullrag
955 4547 979 4597 iu
1000 4546 1040 4599 ln.
1060 4550 1110 4601 210
1128 4547 1244 4601 Solrluss.

122 4619 134 4650 ²
152 4616 204 4669 llio
221 4614 351 4668 Hoohzeit
370 4613 401 4668 ll.
420 4612 570 4666 Eberbaolrs
588 4614 646 4667 land
665 4614 719 4666 also
730 4615 758 4667 E.
772 4615 835 4667 1512>
853 4620 922 4668 slatt.
943 4615 984 4667 Br.
1004 4615 1061 4668 ⁸210.
1132 4620 1142 4647 ³
1159 4616 1252 4669 83111.

122 4688 155 4740 A.
174 4685 199 4738 6.
271 4682 428 4736 ⁴»Belrrnen
446 4683 508 4735 oder·
525 4681 640 4738 Walena¹
669 4683 710 4736 Br.
729 4685 787 4737 2111.

150 4772 287 4816 aasentias
300 4772 367 4812 aar.
380 4771 458 4819 suppa
470 4772 513 4811 rx.
1012 4756 1059 4820 1ss
