2774 4966
550 590 655 650 Mutian
674 609 708 647 au
727 585 828 648 Urban.
1207 589 1245 656 17

124 766 203 832 Nam
229 767 343 850 quanti
366 790 417 832 me
440 767 541 833 facere
562 773 658 852 putas
673 769 761 844 illud,
783 766 867 849 quod
885 765 951 828 heri
968 764 1157 829 intermissis
1179 787 1250 829 coe-

122 853 209 918 nobii
224 856 273 919 tui
288 856 435 935 negotiis,
451 854 546 919 homo
563 857 686 937 magnis
702 856 796 918 rebus
814 853 1020 935 praepositus,
1039 856 1250 932 exspectare·

122 939 265 1006 maluisti
293 962 387 1022 quam
414 947 470 1006 aut
493 948 549 1006 tuo
572 943 721 1005 instituto
744 949 801 1004 aut
822 942 976 1003 rivocants
992 961 1065 1001 cura
1081 939 1249 1002 recedere?

123 1025 209 1090 'l'alis
233 1039 303 1091 erat
328 1026 448 1104 Cicero,
473 1030 525 1111 qui
549 1049 612 1092 non
637 1031 742 1092 minus
766 1028 925 1091 literarum
949 1025 1043 1088 otiab
1073 1045 1166 1105 quam
1192 1025 1250 1087 fori

122 1115 256 1195 negotia
287 1113 458 1187 tractabat,
485 1136 547 1178 non
572 1116 673 1195 magis
697 1122 769 1177 actu
794 1136 895 1175 rerum
921 1117 951 1174 et
975 1112 1251 1192 procurationibus

121 1199 319 1281 reipublicae
352 1199 509 1264 sollicitus
538 1221 631 1280 quarn
656 1203 687 1263 in
711 1200 861 1262 ornandis
894 1199 1083 1277 tuendisque
1114 1198 1251 1277 ingeniis¹

122 1285 300 1350 studiosus.
325 1285 388 1349 Sed
405 1288 481 1368 quid
498 1309 619 1350 annoso
636 1285 896 1369 respondebimus
913 1283 1128 1346 Aristarcho'?'
1149 1285 1250 1347 llicet:

127 1371 227 1452 „Oba
253 1394 348 1454 quarn
370 1373 496 1453 juvenis
518 1379 567 1435 est
589 1373 639 1435 hic
657 1371 856 1455 praeceptor!
902 1369 1024 1446 Quibus
1047 1370 1089 1432 sit
1112 1370 1252 1432 moribus

123 1459 298 1540 praeditus,
322 1460 488 1539 ignoratis.
534 1458 628 1522 Fides
650 1482 719 1522 mea
741 1459 845 1521 tribus
867 1463 950 1519 retro
979 1454 1151 1518 abbatibus
1181 1478 1251 1538 per-

123 1550 247 1626 specta,
269 1545 414 1608 doctrina
438 1567 507 1608 mea
531 1546 721 1626 primoribus
744 1546 863 1608 ordinis
887 1543 1024 1623 cognita,
1041 1542 1172 1604 novitiis
1188 1543 1252 1605 uti-

125 1630 259 1704 lissima,
283 1631 343 1693 deu
366 1637 497 1713 accepta
520 1653 641 1712 semper
657 1632 727 1694 fuit.
763 1630 875 1694 Senem
894 1627 1073 1701 excluditis
1090 1633 1250 1709 parentum

126 1717 304 1780 animorum
338 1717 520 1780 eliminatis.
565 1717 675 1781 Videte
699 1741 737 1779 ne
760 1739 816 1780 uos
840 1718 914 1779 sacti
939 1715 1034 1778 vestri
1058 1715 1248 1795 poeniteat.“

127 1801 226 1878 Talia,
250 1810 286 1866 ut
309 1804 431 1884 opinor,
448 1804 532 1867 intra
547 1826 581 1866 se
598 1804 848 1868 ratiocinabitur.
885 1802 925 1864 ut
940 1801 1061 1864 merito.
1095 1799 1153 1863 Est
1168 1801 1251 1863 euim

129 1890 243 1951 aetatis
275 1891 356 1952 ratio
388 1889 544 1964 habenda,
568 1898 599 1953 et
622 1896 657 1953 ut
681 1892 752 1953 vina
783 1891 828 1952 ita
861 1888 979 1951 amicos
1010 1891 1132 1949 veteres
1162 1887 1253 1950 novis

132 1977 363 2056 anteponimus.
410 1974 528 2039 Contra
551 1976 612 2039 dici
637 1982 751 2057 potest,
775 1976 805 2038 id
823 1975 907 2057 quod
924 1996 942 2036 a
957 1979 989 2036 te
1005 1972 1066 2036 dici
1091 1972 1251 2035 volumus:

139 2059 312 2142 „Megisten
329 2082 392 2124 nun
410 2083 564 2143 negamus
580 2067 717 2125 aetatem
734 2085 801 2125 esse
817 2060 1032 2142 spectandam,
1056 2059 1132 2141 quin
1157 2061 1250 2122 etiam

136 2167 232 2209 mores
255 2154 285 2210 et
313 2148 477 2227 ingenium
508 2154 545 2211 et
569 2148 775 2211 eruditionem
810 2149 974 2228 utriusque
1009 2153 1146 2208 vestrum
1178 2167 1254 2227 pen-

138 2254 244 2295 samus.
290 2234 561 2309 Quemadmodum
597 2257 669 2297 aera
700 2236 830 2311 tinnitu,
862 2235 905 2296 ita
936 2232 1080 2294 homines
1111 2252 1254 2294 sermone

141 2318 374 2400 cognoscimus.²
414 2320 478 2383 Nec
501 2326 531 2383 te
554 2320 719 2401 adjuverit,
736 2321 819 2402 quod
835 2322 878 2382 sis
894 2318 1023 2400 grandis
1047 2320 1133 2380 natu.
1173 2316 1253 2380 Fieri

144 2425 224 2485 posse
244 2409 316 2487 quis
339 2428 402 2469 non
427 2406 521 2482 videt,
545 2413 581 2469 ut.
603 2408 646 2470 sit
669 2407 750 2470 idem
775 2428 870 2470 senex
894 2412 926 2468 et
948 2404 1076 2479 stultus,
1097 2404 1254 2468 ediverso

145 2489 253 2569 juvenis
275 2498 306 2555 et
329 2491 490 2575 prudens?
534 2492 640 2568 Quid?
664 2515 768 2557 nonne
791 2492 898 2572 Scipio
923 2491 1125 2566 Africanus⁰
1157 2512 1253 2572 quum

150 2596 193 2656 per
211 2583 344 2641 aetatem
379 2578 483 2642 adhuc
517 2600 578 2642 non
609 2579 716 2642 liceret
749 2578 974 2659 rempublicam
1010 2599 1130 2659 capere,
1165 2581 1254 2640 extra

152 2669 247 2727 sortem
269 2670 376 2727 tamen
400 2665 584 2746 Hispaniam
609 2667 743 2747 adeptus
766 2674 814 2727 est
837 2670 933 2746 atque
956 2684 992 2726 eo
1016 2663 1157 2737 consiliu,
1182 2684 1254 2744 pru-

155 2745 242 2812 dentia
263 2757 294 2813 et
317 2752 502 2813 maturitate
526 2752 717 2833 provinciam
742 2751 988 2824 administravit,
1014 2754 1048 2813 ut
1073 2750 1157 2813 brevi
1174 2755 1253 2812 tern-

156 2853 214 2912 pore
227 2845 360 2918 quatitur
376 2835 685 2917 Carthaginiensium
701 2838 715 2875 ‘¹
739 2839 946 2918 imperatores
959 2835 1129 2899 devicerit?
1156 2834 1254 2898 Nemo

156 2918 241 2983 llorem
263 2925 379 2986 aetatis
403 2924 532 2986 damnet
548 2923 594 2986 rel
612 2925 756 2986 inscitiae
774 2923 820 2985 vel
838 2923 1035 2995 temeritatis,
1053 2943 1149 3002 qrrum
1167 2944 1255 2984 mens

157 3005 188 3067 sit
207 3029 260 3071 uon
284 3009 432 3072 omnibus
448 3032 520 3071 una.
566 3009 683 3073 Paulus
706 3012 745 3073 ad
769 3009 968 3074 Timotheum
993 3006 1122 3082 ,Nem0’‚
1139 3008 1252 3090 inquit„

158 3092 389 3158 adolescentiam
427 3101 513 3158 tuam
547 3094 763 3160 contemnet.'³
823 3097 857 3159 ln
890 3096 996 3158 multis
1035 3094 1162 3155 celerior
1207 3100 1254 3156 est

157 3196 246 3243 cursus
266 3182 386 3262 ingenii
410 3203 503 3263 quam
527 3183 650 3245 aetatis.
697 3182 737 3245 Et
761 3189 795 3245 ut
819 3190 920 3245 tecum
946 3181 1056 3242 facetis
1080 3179 1254 3242 cavillatio-

157 3263 231 3329 nibus
258 3267 438 3331 lusitemus:
469 3267 554 3335 audi.
577 3268 660 3330 bone
683 3274 875 3351 praeceptor,
905 3268 1020 3348 quibus
1043 3265 1162 3329 salibus
1185 3263 1255 3328 Mu-

157 3349 219 3413 tiani
238 3374 310 3416 cena
338 3355 422 3417 inter
453 3359 579 3417 mutuos
611 3377 770 3418 sermones
799 3355 913 3417 referta
940 3354 1042 3415 luerit.
1089 3351 1255 3432 Colloqua-

158 3433 247 3501 bamur
277 3439 474 3503 familiariter
507 3440 658 3521 (leoque,
693 3443 777 3522 quia.
809 3451 845 3503 ut
874 3441 984 3503 amicis
1016 3439 1255 3519 gratificaretur,

158 3525 277 3602 equitare
310 3527 476 3589 nobiscum
512 3529 689 3590 constituit.
736 3526 883 3589 Gravitas
919 3547 1032 3606 magna
1066 3526 1167 3587 virtus
1197 3534 1253 3587 est.

160 3603 229 3672 llanc
249 3620 353 3676 tamen
379 3615 410 3674 in
434 3634 514 3693 equo
539 3614 626 3676 nullo
652 3615 743 3676 modo
768 3612 899 3694 probare
925 3633 1061 3693 possum,
1078 3613 1131 3674 sed
1149 3633 1255 3692 pugno

161 3693 312 3761 calcaribus
335 3705 368 3761 et.
389 3699 526 3774 uerbere,
550 3706 584 3761 ut
608 3700 752 3762 alacriter
769 3700 921 3760 ‹leeurrat
966 3697 999 3759 ln
1024 3698 1114 3759 asino
1138 3698 1256 3761 molen-

164 3777 260 3847 dinario
282 3784 464 3848 tarditatem
488 3785 604 3847 crebris
629 3787 744 3849 ictibus
771 3785 927 3848 asinarius
958 3784 1102 3863 castigat.
1148 3781 1201 3846 Sic
1225 3786 1255 3845 in

162 3884 217 3928 rene
239 3893 295 3934 noo
319 3893 442 3954 semper
466 3872 606 3950 gravitas
629 3872 776 3934 laudatur
798 3871 859 3933 nisi
884 3871 976 3933 bonis
999 3870 1110 3931 ceteris
1138 3869 1255 3950 adjuta.

164 3947 192 4012 lt
211 3976 275 4020 uero
297 3957 392 4027 dices
416 3958 509 4020 aliam
535 3981 602 4020 esse
625 3980 755 4031 morum
780 3958 871 4021 aliam
897 3957 1034 4038 eorporis
1057 3957 1255 4036 gravitatem.

164 4032 284 4105 Concedo
300 4050 330 4105 et
348 4043 430 4105 hanc
453 4044 512 4105 tibi
540 4047 696 4125 permitto,
716 4045 797 4106 illam
818 4043 982 4124 Spalatino
1000 4043 1113 4104 tribuo.
1149 4042 1258 4123 Neque

163 4128 185 4183 lu
209 4148 388 4212 magnopere
417 4136 564 4192 rnoreant
594 4131 730 4192 investes
753 4153 852 4209 genae
876 4134 930 4190 aut
956 4128 1102 4190 humilior
1136 4135 1259 4193 statura

165 4219 205 4273 aut
224 4215 271 4278 illa
294 4216 332 4278 de
355 4216 417 4277 tide
440 4216 593 4296 qrtaestio.
642 4217 719 4292 Quis
743 4216 862 4278 liircnm
888 4216 1031 4297 promissi
1049 4214 1176 4279 barbitii
1190 4217 1259 4297 jure

161 4338 258 4353 s.-
261 4348 338 4354 .....

210 4409 377 4471 *expectare
447 4403 537 4456 buria
609 4403 798 4471 redolemus
880 4405 892 4442 1¹
909 4403 1161 4469 t'artlragimmsium,

212 4473 218 4502 ¹
235 4471 263 4527 D.
281 4474 296 4526 i.
314 4472 414 4533 Tadlor,
433 4473 474 4525 oiu
493 4472 585 4524 alteror
607 4471 804 4524 Klosterleluur.
821 4472 867 4524 der
885 4472 942 4524 sicli
962 4473 1044 4523 durclr
1064 4473 1106 4524 die
1127 4472 1259 4535 llornlung

158 4536 268 4604 babitus
280 4543 320 4603 als
334 4542 432 4594 labier
449 4542 646 4609 auiticlrgcserzt
658 4543 713 4594 sali.
769 4544 778 4573 '²
796 4541 904 4605 Quiritd.
924 4541 971 4593 Xl.
991 4544 1015 4595 3.
1034 4544 1080 4592 ar:
1100 4543 1178 4593 *Nam
1189 4541 1259 4591 sniis

157 4603 257 4664 buius
274 4616 303 4664 ut
320 4626 382 4664 uteru
400 4611 495 4664 tinnitu
515 4611 711 4678 dignoscimusr¹
782 4614 791 4641 ³
813 4615 831 4662 l.
852 4610 915 4664 Tim.
935 4613 959 4676 l,
982 4613 1019 4661 12.

172 4696 296 4740 uacuare
309 4699 338 4740 λ’,
351 4699 377 4739 F.
390 4700 469 4748 suppl.
482 4700 523 4739 IX.
1035 4682 1057 4745 'Z
