2774 4966
320 646 425 702 liutian
443 662 478 701 au
496 645 551 701 abr
569 642 729 700 Hartmann.
764 643 870 699 Mutian
888 658 923 698 an
940 643 1040 700 Urban.
1179 645 1241 711 301

220 820 354 884 Valeant
379 819 477 885 humo
507 817 593 882 tecti.
639 817 716 882 Hem
745 819 917 902 depravata
941 819 1049 901 opinio
1077 817 1176 883 trahit
1204 819 1237 883 in

118 927 264 971 errorem.
298 905 361 971 Sed
383 907 416 971 id
438 906 526 970 alias.
566 904 657 967 Nunc
679 904 719 967 ab
743 905 871 986 ineptiis
895 905 935 968 ad
958 906 1066 969 vitam.
1112 905 1152 968 Et
1175 926 1243 983 nos,

118 994 173 1075 qui
204 1015 325 1071 sumus,
358 993 503 1056 vivamus
530 991 598 1053 sine
631 989 910 1069 sollicitudinibus,
945 1012 1047 1073 neque
1077 991 1118 1067 id,
1158 992 1242 1074 quud

118 1080 266 1144 omnibus
297 1101 424 1142 necesse
448 1083 496 1141 est
528 1076 653 1140 (laureto
684 1082 816 1140 naturae
848 1078 1004 1161 vitarique
1035 1099 1098 1140 non
1129 1081 1244 1160 potest,

119 1172 307 1230 metuamus.
347 1165 408 1228 Vos
434 1165 531 1243 igitur
554 1163 646 1225 amici
670 1162 781 1226 valete.

270 1266 331 1319 Ceu.
351 1265 416 1322 Frcf.
437 1265 495 1317 191.

118 1454 234 1523 (cotra.)
641 1437 713 1500 244.
978 1460 982 1463 ·
1012 1453 1052 1507 aa.
1072 1453 1125 1507 nu
1144 1453 1242 1525 (1513).

490 1563 634 1632 Mutian
656 1583 705 1634 an
727 1563 865 1634 Urban.

118 1693 216 1759 (Burei.
248 1693 404 1746 Hurtmann
430 1710 467 1745 aar
484 1692 724 1759 mulliolrrdrraalren
755 1692 810 1744 iered
836 1691 908 1744 sciria
941 1690 1061 1744 (lalielrle
1089 1691 1243 1760 bmbrdapen.

119 1762 235 1829 l'etrcp'us
263 1762 343 1814 narde
368 1761 424 1829 uus
444 1760 532 1814 saner
563 1759 733 1828 tl'arurmmq
758 1761 822 1814 riter
844 1760 932 1813 lidda
952 1760 1032 1828 pelini
1055 1760 1115 1813 oder
1139 1761 1244 1814 lenanu

117 1833 198 1884 acarde
215 1831 258 1883 die
275 1830 363 1899 Βνιίνῄο
380 1830 560 1898 ilberbriupeu.
597 1830 692 1882 Serme
710 1829 765 1897 aas
777 1829 904 1896 Pelrry'us'
923 1834 997 1882 auria
1015 1829 1112 1894 Buarde,
1136 1831 1179 1882 die
1195 1831 1243 1883 ileu

498 1900 529 1952 a'n
547 1899 643 1967 lirsrcrl
661 1899 866 1963 pariendarum.)

195 2013 357 2063 Honorato
376 2013 444 2063 viro
461 2013 503 2064 Η.
521 2012 648 2063 Urbano
665 2013 814 2074 magistro
832 2024 896 2063 non
912 2011 1052 2073 ignobili,
1069 2012 1167 2063 amico

497 2100 645 2160 primario
664 2096 719 2166 (M.
736 2095 858 2165 Euius).

222 2207 254 2273 S.
300 2208 374 2273 Feci
408 2209 609 2275 encomium¹
655 2210 712 2290 Tu,
748 2210 791 2272 mi
825 2208 960 2282 Urbane,
994 2208 1097 2272 scribe
1134 2214 1243 2291 gratu-

118 2292 285 2359 lationem²
302 2301 333 2359 et
353 2296 480 2360 include
496 2319 582 2361 meas
598 2318 708 2378 nugas.
753 2296 852 2360 Dabis
874 2299 980 2359 autern
1004 2296 1086 2358 ituro
1109 2293 1242 2358 Fuldam

121 2381 253 2462 Petrejo.
290 2380 354 2445 lbit
369 2383 452 2446 eninr
469 2383 501 2446 in
519 2383 632 2446 celebri
650 2405 731 2465 quae
748 2404 833 2446 nunc
848 2383 948 2446 instat
964 2379 1242 2464 peregrinatione?

121 2468 245 2531 visurus
277 2469 458 2549 spectacula
490 2491 591 2532 rerum
624 2469 729 2532 nescio
758 2468 935 2532 divinarum
958 2489 998 2530 an
1023 2467 1242 2544 humanarum,

121 2554 239 2617 Vuldae
262 2575 335 2618 ossa
358 2555 514 2631 inaurata,
537 2555 621 2637 apud
644 2555 844 2618 Trevirenses
862 2558 969 2635 togam
987 2551 1114 2617 Christi.
1155 2552 1243 2617 Ultra

120 2640 184 2704 scio
218 2641 448 2722 progredietur,
480 2648 516 2704 ut
539 2639 760 2724 Capniastros‘
792 2641 919 2704 salutet.
965 2638 1088 2703 Interea
1121 2662 1243 2721 puram-

120 2725 228 2790 bulate
265 2726 378 2804 lorum,
420 2728 594 2809 perquirite
626 2727 724 2791 libros
757 2727 939 2806 elegantem,
973 2733 1074 2804 tuum,
1109 2724 1243 2804 Urbane,

118 2811 351 2876 iustinianum⁵
387 2818 420 2875 et
452 2813 585 2877 Paulum
618 2810 816 2894 theologum⁸
851 2817 883 2876 et
912 2812 944 2876 id
973 2833 1074 2893 genus
1105 2812 1242 2876 delicias.

121 2898 290 2962 ascensius
313 2899 419 2962 emisit
441 2899 561 2981 aliquid
585 2899 715 2963 minime
744 2895 992 2980 negligendum.⁷
1038 2898 1129 2962 Plato
1163 2899 1244 2980 petit

118 2984 227 3058 libros,
253 2985 433 3068 Aristippus
456 2986 593 3063 divitias,
619 2986 665 3049 ait
687 2983 794 3049 Dion.⁸
839 2984 892 3049 Sic
915 3005 972 3066 ego
996 2985 1164 3066 cupiditati
1180 3006 1243 3048 non

119 3071 221 3134 servio
246 3073 410 3152 pecuniae,
434 3093 497 3135 non
521 3093 596 3135 curo
619 3071 840 3135 adumbratam
871 3071 1040 3152 imaginem
1072 3070 1242 3135 felicitatis.

119 3157 243 3220 literas
275 3157 459 3222 Herebordo
491 3179 554 3221 non
590 3157 690 3221 dabis.
734 3157 843 3222 Inanis
874 3162 924 3221 est
956 3158 1135 3240 castigatio,
1169 3158 1245 3240 quia

119 3248 219 3306 semet
243 3242 344 3326 ipsum
368 3249 455 3307 amat
478 3249 510 3307 et
532 3245 644 3325 corrigi
668 3265 731 3308 non
755 3244 832 3308 vult.
872 3241 1005 3326 Operam
1022 3250 1054 3307 et
1069 3245 1242 3327 impensam

119 3329 231 3412 perdit,
258 3328 312 3410 qui
336 3329 448 3394 bovem
474 3331 572 3393 mittit
594 3331 634 3393 ad
659 3350 790 3393 ceroma.
837 3329 885 3393 Ad
908 3328 1058 3394 carmen⁹
1103 3330 1164 3392 Pro
1188 3330 1244 3393 ab-

120 3416 208 3480 batia
241 3437 372 3498 regnum
402 3416 504 3499 posui.
544 3416 605 3479 Est
637 3422 669 3479 et
698 3416 813 3498 privati
847 3416 985 3479 hominis
1019 3438 1149 3497 reguum
1172 3416 1192 3478 i.
1217 3439 1242 3480 e.

119 3501 291 3584 possessi0‚
314 3506 350 3566 ut
366 3502 481 3566 eruditi
499 3503 681 3585 loquuntur.
728 3503 874 3566 Decanus
890 3502 1025 3565 militare
1041 3502 1245 3583 vocabulum3

120 3589 190 3651 ideo
215 3587 274 3650 leci
298 3588 493 3670 signiferum.
538 3588 640 3652 Mater
664 3589 681 3650 i.
707 3611 731 3651 o.
756 3593 847 3651 terra.
895 3586 1009 3652 Cacsar
1024 3588 1245 3671 dictaturper·

120 3680 235 3756 petuus
259 3696 329 3737 cum
354 3674 435 3739 forte
457 3697 568 3738 navem
594 3675 808 3738 conscendens
843 3674 950 3756 lapsus
983 3678 1082 3738 esset:
1121 3674 1244 3755 „Teneo

119 3768 159 3831 te,
183 3771 268 3824 terra
301 3761 432 3839 mater“‚
467 3762 580 3842 inquit.
628 3761 749 3823 Plinius
782 3759 898 3823 tribuit
930 3766 1031 3824 terrae
1067 3768 1242 3825 maternam

120 3847 364 3924 venerationem,
393 3853 430 3912 ut
452 3847 546 3912 nosti.
592 3846 686 3910 Nulla
715 3850 763 3909 est
793 3845 981 3922 obscuritas,
1021 3848 1082 3910 imo
1116 3848 1244 3912 claritas

118 3938 223 4011 tanta,
247 3935 284 3996 ut
305 3933 414 3997 odiosa
444 3934 486 3997 sit
517 3932 746 4015 interpretatio
792 3932 926 3996 Multum
962 3940 1067 3997 tamen
1102 3935 1244 4016 antiqni-

120 4072 249 4079 ——..-.---
256 4073 325 4078 --.-.-.

188 4139 196 4168 ¹
218 4136 272 4189 anf
296 4136 346 4189 den
372 4152 456 4189 rroucn
475 4136 529 4188 Abi
547 4135 692 4188 Hartrnann
711 4152 760 4187 rou
779 4135 872 4197 ruma,
897 4151 951 4191 vor.
971 4135 1014 4191 Br.
1084 4135 1181 4203 'Folg
1200 4135 1243 4191 ΒΥ.

117 4206 129 4236 ³
146 4205 267 4273 Petrnjus
289 4210 341 4258 trat
360 4206 431 4258 scinu
449 4205 696 4257 Hrununistunluhrt
714 4205 781 4257 uach
799 4204 893 4257 Italion
911 4207 965 4256 urst
983 4204 1019 4257 im
1036 4207 1102 4272 Aug.
1121 4206 1207 4258 dieses
1218 4205 1243 4261 1.

116 4290 158 4327 an.
188 4273 249 4340 Vgl.
270 4272 295 4328 S.
314 4275 346 4326 97
366 4278 396 4327 Α.
417 4277 439 4328 1.
493 4273 857 4340 ⁴chul1liusVerteidiger.
911 4274 1245 4331 ⁶.111srinianmrotulus.

116 4344 199 4395 sehon
218 4344 375 4411 gewiinsuht.
393 4344 430 4395 iur
449 4346 515 4410 Aug.
536 4345 608 4397 1512.
634 4343 686 4411 (llr.
709 4345 776 4409 183).
845 4342 954 4394 ⁶ll'ulrl
980 4342 1077 4396 Paulus
1103 4343 1245 4405 r'urtusius,

115 4412 147 4465 lu
165 4411 312 4464 sententias
329 4411 346 4466 l.
366 4412 410 4464 ll'.
430 4412 503 4466 llum.
525 4412 599 4469 lutri,
618 4429 693 4463 n'crur
712 4412 786 4463 niclrt
808 4411 850 4463 dic
873 4410 1059 4464 Pauliniselrcn
1086 4412 1171 4464 tiriolo
1193 4428 1244 4464 ron

114 4481 172 4533 lac.
192 4480 284 4538 Faber.
302 4480 377 4534 Paris
398 4483 470 4535 1512.
507 4480 565 4547 l'gl.
585 4481 717 4533 t'urtusius
736 4481 762 4532 in
780 4480 822 4534 ssr.
841 4480 900 4531 3‘21.
972 4481 1057 4535 llud.
1077 4481 1175 4534 Badius
1194 4484 1243 4533 As·

116 4549 232 4613 censius,
261 4549 398 4603 Golehrter
424 4551 475 4602 und
503 4549 692 4602 Buchdrnukur
709 4549 735 4601 iu
754 4549 836 4601 Puris.
873 4549 986 4616 †l='ilr'›.
1023 4549 1056 4604 11.
1076 4551 1157 4602 meint
1174 4550 1241 4602 nach

116 4617 159 4675 Br.
179 4618 232 4672 248
250 4619 309 4671 ciue
327 4620 553 4697 ingrestum.
569 4619 619 4685 jur.
673 4618 759 4686 ⁸l'gl.
778 4618 851 4685 lliug.
870 4617 955 4672 Luort.
973 4617 1009 4681 11,
1026 4618 1051 4679 8,
1069 4618 1111 4672 81.
1162 4622 1174 4651 ⁹
1192 4618 1242 4671 Bu·

116 4686 284 4757 merkuugen
303 4704 335 4740 zu
352 4689 453 4741 saluom
472 4687 599 4740 Gedrchtu
617 4688 663 4740 aul
678 4686 831 4743 Hmtnraun.
867 4686 930 4741 l'cr.
944 4685 994 4742 ur.
