2774 4966
126 602 168 676 36
513 596 599 664 brien
619 626 668 663 von
689 610 866 666 raus-rme.

129 782 197 859 erit,
219 786 256 845 ut
278 782 403 863 inopiae
425 780 562 846 hominis
586 780 764 863 philosophi
781 782 911 846 feliciter
926 789 1136 863 succurratur,
1162 780 1259 849 modo

128 874 166 931 iu
192 869 272 931 assis
303 869 440 949 negotio.
473 868 535 931 imo
570 868 688 949 praesis
723 869 864 943 consilio,
899 869 1038 946 solertia,
1072 870 1256 951 prudentia.

131 953 281 1034 Equidem
300 954 475 1017 calcaribus
496 975 559 1017 non
582 974 667 1034 egeo,
685 977 806 1018 curram
826 955 907 1017 ultro
925 977 1026 1038 neque
1042 954 1256 1038 defatigabor,

130 1042 311 1122 priusquam
339 1063 358 1103 a
383 1041 565 1103 carceribus
593 1039 633 1102 acl
665 1045 780 1103 nietam
815 1041 954 1104 decursis
988 1048 1108 1125 septem
1142 1042 1260 1123 spatiis

132 1127 351 1208 perveniamus
373 1126 412 1189 ad
437 1125 583 1208 palmam.
629 1123 664 1188 Si
680 1133 783 1203 vacat,
800 1126 937 1203 llrbane,
955 1148 1107 1209 compone
1123 1128 1258 1209 aliquid,

128 1219 242 1294 quote
265 1213 382 1276 vixisse
398 1217 429 1274 at
445 1212 542 1275 luisse
564 1211 670 1283 talem,
695 1212 798 1293 qualis
821 1235 865 1283 es.
889 1215 1067 1295 posteritati
1090 1220 1123 1278 ct
1146 1213 1258 1278 multis

131 1299 316 1362 nationibus
332 1297 480 1362 testeris.¹
515 1296 826 1374 Stilus‚lucubratio‚
842 1299 994 1380 judiciuin
1013 1304 1156 1364 nostrum
1173 1321 1259 1363 nun·

130 1405 223 1465 quam
257 1384 316 1447 tibi
347 1384 490 1447 deluerit.
535 1383 642 1446 Habes
676 1384 769 1446 etiam
805 1384 1016 1465 Spoletinum,
1051 1386 1128 1449 deus
1163 1386 1259 1459 bone,

130 1471 253 1553 qualem
282 1471 446 1552 juvenem!
492 1468 521 1531 ls
552 1469 696 1556 limatulo
731 1490 857 1552 quoque
887 1492 944 1534 suo
975 1471 1082 1535 studio
1113 1476 1145 1534 et
1175 1473 1258 1536 rnira

129 1556 294 1637 diligentia
317 1555 514 1639 promovebit
535 1556 654 1635 ingenii
678 1557 725 1618 tui
752 1556 918 1621 clarissimi
941 1556 1041 1621 dotes
1085 1556 1167 1621 Vale¹
1208 1556 1259 1623 Ex

130 1642 244 1706 Gotho.
292 1640 496 1706 Corollarium
532 1641 645 1704 villicis
680 1642 744 1704 tuis
780 1642 850 1706 ideo
886 1643 966 1720 dedi,
998 1666 1036 1707 ue
1066 1641 1257 1726 peccarem.⁸

129 1729 244 1792 Peccat
266 1729 359 1805 enim,
383 1728 437 1808 qui
461 1730 603 1808 ingratus
626 1730 683 1803 est,
707 1729 883 1809 etquidem
906 1730 1098 1811 gravissime.
1145 1729 1259 1813 Neque

128 1835 201 1878 nero
236 1816 314 1878 satis
348 1820 395 1878 est
429 1814 544 1877 habere
578 1814 712 1895 gratiam
737 1819 769 1877 et
791 1837 883 1896 agere
915 1817 1044 1897 gratias,
1076 1817 1171 1879 etiarn
1207 1821 1259 1881 est

131 1899 294 1964 referenda
319 1922 372 1982 pro
398 1900 487 1972 virili,
533 1899 649 1963 lterum
678 1899 755 1976 vale,
785 1901 987 1965 dilectissime
1015 1903 1151 1966 domine.
1192 1901 1258 1966 llo·

132 1989 251 2050 minum
274 1994 306 2049 to
329 2008 416 2065 voco,
440 1987 515 2069 quia

752 2072 867 2135 Servus
891 2082 966 2136 tuus
988 2096 1057 2137 sum
1083 2094 1150 2155 ego.

281 2155 341 2209 l'od.
362 2154 428 2207 liei.
449 2156 489 2207 lr'r.

130 2292 224 2346 notra
667 2274 716 2337 211
1154 2291 1258 2361 (uos)

500 2400 643 2470 ilutian
666 2421 713 2470 un
737 2400 876 2471 Urban.

128 2528 260 2595 (iluimus
271 2528 433 2597 laberrspsud
442 2529 514 2581 reri'lrt
523 2529 567 2581 der
576 2530 621 2582 der·
635 2530 731 2583 Tlnnurr
742 2530 796 2582 iered
812 2529 947 2582 l‘ina'iclrler
956 2529 1002 2581 dar
1013 2528 1048 2580 11²
1045 2529 1258 2597 isserrselruflen.)

161 2645 368 2695 Dilectissimo
386 2644 476 2695 fratri
494 2650 526 2695 er
544 2645 666 2696 domino
685 2646 821 2702 Urbano.
834 2647 901 2695 viro
918 2646 1077 2706 ingenioso
1096 2645 1258 2705 arlatino,

356 2744 520 2782 oeconomo
539 2733 640 2783 Vallis
659 2734 688 2783 Β.
707 2733 834 2794 Georgii
851 2734 895 2782 M.
913 2731 1023 2782 Rufum

230 2840 262 2906 S.
300 2843 432 2925 „itinera
446 2844 615 2907 stultorum
629 2848 713 2907 recta
730 2845 761 2906 in
779 2847 948 2924 conspectu
962 2838 1067 2906 suo.“³
1101 2842 1159 2918 Qui
1179 2862 1256 2923 ergo

127 2948 184 2991 suo
204 2928 323 3010 judicio
343 2928 429 3010 juste
452 2929 581 3006 iaciunt,
606 2930 663 2992 etsi
688 2930 775 3010 pravi
798 2930 872 3003 sint,
898 2950 959 2992 non
990 2929 1098 2992 vident
1131 2949 1256 2993 errores

128 3035 212 3077 suos.
261 3015 347 3095 „Non
367 3016 476 3098 recipit
492 3017 609 3079 stultus
630 3016 724 3078 verba
747 3015 942 3097 prudentiae,
957 3028 970 3053 i
993 3015 1054 3077 nisi
1070 3037 1107 3076 ea
1125 3014 1256 3093 dixeris,

128 3122 208 3181 quac
241 3108 404 3164 versantur
427 3104 458 3164 in
483 3103 574 3165 corde
603 3101 713 3182 ejus.‘“
761 3101 795 3165 Si
818 3102 915 3182 igitur
938 3100 1107 3165 adversarii
1130 3108 1253 3164 rectum

128 3187 187 3249 iter
209 3187 292 3251 vitae
315 3193 434 3267 tenent,
458 3194 495 3251 ut
517 3189 575 3271 ipsi
595 3189 728 3269 jactant,
752 3209 815 3251 non
839 3192 953 3250 terram
983 3187 1168 3269 aspiciantb
1197 3187 1254 3249 sed

128 3272 259 3348 coelum,
292 3296 355 3337 non
390 3273 534 3336 homines
567 3275 621 3337 secl
656 3275 763 3351 (lcum,
796 3278 828 3337 et
861 3275 887 3335 si
923 3274 1014 3336 ileum
1053 3273 1250 3355 aspexerint,

131 3367 324 3441 cognoscent.
340 3382 373 3421 se
389 3360 599 3424 alienissimos
615 3360 656 3423 ab
672 3362 792 3441 optima
806 3359 934 3423 uiuendi
958 3382 1076 3422 norma.
1115 3358 1253 3435 Urbane,

129 3451 235 3508 nostra
267 3447 316 3509 via
346 3447 479 3527 simplex
510 3451 558 3509 est
589 3452 621 3510 et
650 3452 788 3528 angusta
819 3452 849 3508 ct
880 3446 998 3509 clivosa
1029 3451 1060 3508 ct
1089 3445 1187 3507 ardua
1221 3450 1254 3507 et

128 3531 274 3610 difficilis,
298 3533 346 3595 vel
362 3532 462 3614 spinis
479 3531 679 3597 horrentibus
710 3555 820 3615 aspera
843 3532 890 3594 vel
914 3533 1000 3594 saxis
1023 3532 1226 3594 exstantibus
1240 3542 1253 3569 ⁰

128 3618 286 3700 impedita,
310 3626 345 3682 ut
368 3640 437 3681 curn
461 3640 577 3699 magno
612 3619 718 3681 labore
748 3641 783 3681 ac
812 3619 924 3698 pedum
961 3618 1078 3680 detritu
1116 3638 1254 3697 euinque

128 3725 243 3785 magna
266 3706 398 3768 cadendi
421 3705 635 3769 sollicitudine.
658 3706 700 3768 sit
722 3707 835 3785 cuique
851 3705 1066 3784 gradiendum.
1107 3703 1248 3784 Simplex

127 3797 184 3864 est,
207 3791 281 3870 quia
305 3792 500 3854 concorditer·
527 3812 623 3854 unum
654 3792 745 3854 (lenm
774 3792 935 3871 sequimur
958 3797 989 3851 et.
1012 3790 1160 3865 colirnus;
1191 3812 1250 3853 an·

126 3881 230 3956 gusta,
247 3878 323 3958 quia
341 3878 430 3960 pauci
450 3877 612 3940 nobiscum
629 3877 736 3940 literas
753 3883 784 3939 et
801 3898 903 3939 mores
922 3877 1062 3939 mitiores
1085 3874 1253 3956 affectaut;

127 3962 233 4036 ardua,
257 3965 331 4044 quia
347 3965 386 4027 ad
402 3965 522 4027 cultum
541 3964 667 4043 linguae
682 3964 810 4038 latinae,
829 3963 867 4024 ad
885 3984 991 4024 verunr
1007 3963 1104 4024 animi
1130 3961 1249 4027 bonum

127 4048 218 4129 pauci
241 4051 309 4112 sine
332 4050 437 4114 labore
461 4051 655 4131 perveniunt.
701 4050 736 4111 ln
755 4048 813 4111 hac
829 4049 880 4111 via
896 4049 974 4111 mori
992 4070 1052 4110 non
1071 4047 1249 4123 ambulant,

126 4135 179 4196 sad
204 4134 323 4199 habent
345 4137 535 4215 multiplices
557 4137 708 4199 tramites.
758 4135 818 4197 allii
843 4136 962 4197 ‹lucunt
983 4135 1172 4205 luxuriosos,
1196 4135 1251 4198 alii

127 4220 297 4301 imperitos,
329 4223 384 4286 scil
415 4223 523 4287 eodem
553 4229 585 4285 et
611 4223 651 4285 ad
675 4244 771 4284 unum
804 4242 912 4283 omncs
944 4222 1061 4283 exitum
1095 4221 1154 4282 sub
1183 4221 1252 4303 ipso

127 4306 189 4369 tino
211 4307 397 4372 referuntur.
444 4308 523 4371 Nam
547 4309 799 4391 praecipitantur
822 4328 931 4368 (omncs
956 4307 1027 4370 mali
1052 4308 1082 4369 in
1107 4310 1251 4370 moriem.

128 4410 193 4418 -.
204 4413 286 4420 .,-.--..
317 4415 320 4419 ,

193 4458 207 4542 l
222 4441 977 4582 1111111111ΕΙ).111111111111]ι1111111111111111111111(μιυιιοε
991 4508 1088 4562 vixisse
1102 4512 1252 4564 testemur·

161 4582 170 4609 ²
188 4580 330 4633 Vielleielrt
349 4598 407 4633 auin
430 4581 518 4635 llanlre
537 4584 577 4633 liii·
595 4581 641 4633 dus
659 4581 833 4647 angelaluene
852 4578 925 4631 Holn.
965 4578 1019 4645 l'gl.
1042 4578 1082 4631 Br.
1101 4578 1126 4630 8.
1148 4578 1187 4632 10.

160 4648 243 4717 ”Spa
263 4649 314 4705 Sul.
334 4652 374 4718 12,
395 4652 433 4703 lo.
505 4650 587 4719 ‘Spin
606 4649 657 4704 Sal.
678 4644 717 4717 18,
736 4650 762 4703 2.
