2774 4966
397 33 1329 283 [-

462 580 549 644 Briete
567 586 609 644 bie
627 606 686 644 zum
705 588 805 646 Herbat
824 590 897 647 1505.

665 814 711 878 15·
1011 830 1141 898 (Sammar
1159 836 1246 906 1505.)

501 940 643 1010 lintion
667 961 715 1012 an
739 941 874 1011 Urban.

506 1070 693 1136 (dbrpselrlunp
712 1070 868 1138 isspnloliaa.)

203 1183 432 1233 Humanieeimo
450 1182 490 1232 Η.
508 1183 645 1243 Urbano,
663 1185 823 1235 Musarum
840 1188 983 1245 patrono,
1000 1187 1044 1236 Μ.
1062 1185 1173 1238 Ratun.

229 1294 260 1357 S.
319 1291 417 1356 Tuera
452 1295 595 1358 clientem
632 1294 841 1378 Spalatinum.
879 1300 1010 1378 patrone
1048 1298 1248 1362 venerabilia.

130 1379 219 1461 Apud
238 1401 295 1442 uos
319 1380 437 1443 invidia
460 1381 549 1444 dicit:
576 1382 789 1461 „Coenobium
814 1381 1023 1462 Georgiannm
1049 1389 1173 1463 poetam
1197 1408 1249 1449 as-

129 1467 255 1529 sumit.“
295 1466 448 1547 Repugna
466 1467 617 1530 barbarie.
657 1469 740 1531 Nihil
758 1471 839 1530 enim
856 1469 986 1531 audient
1006 1471 1064 1546 tui,
1081 1470 1166 1550 quod
1184 1491 1248 1534 non

129 1553 171 1614 eit
195 1558 226 1614 et
250 1553 309 1633 piis
335 1554 474 1616 moribus
497 1560 528 1616 et
551 1554 682 1616 rudibus
705 1554 868 1636 discipulis
884 1555 1083 1617 conveniens.
1131 1555 1250 1639 Accipe

128 1639 313 1701 vaticinium
338 1660 450 1701 meum.
498 1640 640 1701 Vestrum
664 1641 787 1721 insigne
804 1640 1057 1703 conventiculum
1081 1643 1163 1705 inter
1185 1644 1251 1706 ela-

128 1725 253 1788 rissima
276 1723 462 1787 Germaniae
486 1727 637 1788 coenobia
661 1726 795 1807 fulgebit
818 1728 900 1789 fama
924 1726 1147 1790 doctrinarum.
1185 1728 1250 1791 lta·

127 1833 188 1893 que
211 1816 261 1873 sla
283 1831 391 1892 precor
414 1831 468 1892 pro
496 1812 685 1875 latinissimo
720 1813 847 1875 doctore
876 1820 986 1876 contra
1016 1814 1149 1890 tandm,
1181 1822 1248 1877 tarn

130 1899 241 1960 doctos
264 1917 359 1978 quarn
384 1897 552 1979 imperitae.
600 1900 682 1961 Sunt
707 1900 788 1961 enirn
814 1899 966 1974 nonnulli,
990 1900 1055 1981 qui,
1078 1901 1163 1979 quod
1187 1901 1251 1983 ipsi

131 1985 285 2059 nesciunt,
310 2005 363 2065 per
386 1984 608 2046 contumeliam
633 1985 793 2066 appellent
815 1986 980 2067 poeticam,
1004 1992 1036 2047 at
1059 1985 1104 2048 sic
1119 1986 1251 2050 meliora

128 2071 273 2132 mordent
300 2070 484 2150 opprobriis.
533 2070 615 2132 ltrus
648 2072 833 2134 immortalis
856 2070 961 2146 faciat,
986 2077 1021 2134 ut
1043 2093 1119 2134 aero
1144 2073 1249 2154 longi·

127 2162 221 2218 turno
245 2157 356 2217 fruare.
755 2176 759 2185 ·

278 2257 338 2307 Cod.
359 2254 423 2308 Frcl.
445 2257 482 2306 li.

126 2442 240 2511 (Gotha)
663 2428 708 2491 16,
1009 2444 1139 2512 (Sonuuor
1157 2445 1246 2514 1505.)

498 2553 642 2624 Mutian
664 2575 712 2624 an
738 2554 873 2625 Urbun.

126 2684 237 2748 (brerae
255 2684 317 2736 allier
333 2685 374 2735 die
392 2684 588 2752 copularique
612 2685 750 2753 Spoletina
775 2685 829 2736 aaut
855 2684 1026 2751 Ablertrpanp
1043 2685 1087 2736 dee
1104 2684 1175 2736 allen
1194 2684 1248 2736 aar

284 2753 421 2820 b'pnlulr'na
441 2753 616 2820 Brfir'rderrarp
635 2753 841 2820 arrrrrsricdcnen
858 2753 1087 2819 Klorlcrbraders.)

498 2868 539 2919 H.
557 2869 684 2918 Urbano
702 2869 745 2918 M.
763 2866 873 2918 Butae.

230 2978 331 3056 Salve,
363 2978 589 3044 humanissime
613 2980 658 3041 vir
681 2986 712 3042 et
735 3001 788 3062 per
812 2978 952 3041 exoclren
982 2978 1141 3058 quandam
1165 2976 1194 3039 lr.
1220 2999 1245 3041 e.

125 3065 345 3128 excellentiam
391 3064 526 3128 Urbane.
582 3065 796 3148 Praeoceupas
839 3064 977 3127 officium
1024 3072 1177 3140 nostruin,
1215 3069 1248 3126 et

128 3174 224 3233 quum
249 3176 266 3214 a
290 3151 382 3215 nobis
404 3153 563 3233 rogandus
586 3153 639 3228 sie,
664 3153 729 3232 ipse
745 3173 846 3232 rogas,
892 3152 918 3214 0
943 3150 1116 3213 inauditam
1141 3156 1173 3212 et
1196 3150 1246 3229 in-

129 3239 371 3319 comparabilem
397 3239 643 3301 humanitatem!
691 3237 757 3300 Non
783 3238 874 3299 inodo
891 3259 953 3299 non
971 3237 1152 3317 dedignaris
1167 3235 1248 3318 Spa·

129 3326 261 3388 latinum
286 3326 400 3388 habere
424 3327 454 3387 in
480 3347 608 3388 numero
640 3325 851 3400 familiarium,
882 3324 936 3385 sed
968 3326 1113 3403 prorelris
1146 3343 1247 3403 neque

128 3412 175 3474 iis.
210 3414 262 3491 qui
296 3421 445 3493 praesunt
480 3412 670 3493 reipublicae
700 3418 830 3477 restrae,
855 3410 1072 3472 commendare
1095 3411 1246 3490 gravaris.

126 3569 297 3577 ..——-—

131 3654 221 3720 Splitor
238 3649 313 3703 sollte
331 3666 359 3702 cs
377 3650 441 3715 ihm,
460 3650 596 3719 angelilieh
615 3649 673 3702 weil
692 3665 720 3701 er
737 3666 765 3701 es
783 3648 856 3699 nicht
874 3647 899 3699 in
919 3647 1067 3699 bauliclrem
1091 3645 1189 3698 Staeda
1206 3661 1247 3699 ar-

131 3722 207 3787 nien,
226 3721 272 3772 aul
288 3720 438 3787 Andrinpen
456 3721 502 3772 der
520 3720 612 3771 l'icnre
630 3720 676 3771 der
694 3717 882 3770 llarienlrirelrc
895 3722 1017 3783 antzogen
1032 3716 1134 3768 werden
1148 3716 1247 3785 (1513),

132 3791 251 3843 won'iber
268 3807 297 3840 er
315 3789 365 3840 riel
390 3790 500 3855 lir'unple
519 3806 550 3839 zu
570 3788 693 3840 bcstelrcn
718 3788 797 3840 hatte.
834 3786 881 3838 llil
908 3787 966 3837 dein
995 3785 1098 3837 Bcaitzo
1127 3801 1181 3836 war
1205 3786 1247 3839 dio

132 3859 329 3926 Vnprlielanag
364 3859 522 3914 rcrlnrnden.
558 3857 753 3909 Sceleruneaaeu
786 3858 826 3906 l'iir
855 3856 897 3906 dio
928 3855 1108 3906 relatorbcnou
1146 3853 1248 3909 Briider

130 3929 244 3982 blutiaus
263 3945 295 3979 au
313 3931 392 3982 lesen,
412 3943 513 3978 moruus
532 3943 590 3979 ruan
609 3927 751 3978 aclrlieasen
772 3925 833 3987 dari,
853 3925 913 3976 dass
925 3925 1003 3975 eseia
1020 3940 1069 3975 rou
1086 3923 1175 3975 diesen
1188 3940 1247 3977 rer·

131 3999 217 4051 erbtes
230 3998 379 4063 grtiatliclrcs
393 3996 551 4049 llenctieiunr
566 4012 625 4048 aar.
649 3995 689 4046 Bi.
709 3994 765 4046 222.
796 3994 841 4044 llic
854 3994 960 4045 aluweu«
973 3996 1053 4045 (laeso
1072 4004 1115 4059 lg:
1136 3992 1247 4047 liin'en·

131 4072 215 4135 gesse)
242 4068 284 4133 lag
311 4066 412 4118 aiidliclr
439 4083 497 4116 roni
523 4065 699 4131 l'clrraberge,
722 4063 851 4114 zwiaclrcn
878 4063 976 4114 diesem
1002 4063 1053 4113 und
1077 4063 1135 4113 deur
1155 4062 1246 4115 llriibl.

131 4137 204 4190 Nacti
234 4135 347 4187 Muciana
376 4135 481 4200 Augala·
501 4136 524 4185 in
546 4133 586 4185 llr.
606 4134 652 4185 924
673 4133 719 4183 aab
739 4148 797 4183 aran
819 4148 867 4183 rou
892 4134 941 4183 don
967 4131 1180 4183 l'ordcrtcustcrn
1204 4134 1250 4184 aul

133 4208 179 4258 dua
198 4205 302 4257 litostcr
320 4206 470 4270 llagoberla,
489 4206 512 4254 d.
533 4204 557 4254 lr.
577 4204 623 4255 aul
639 4205 686 4254 den
706 4201 866 4267 trutanni-g,
886 4218 935 4252 ron
954 4201 1003 4252 den
1022 4200 1124 4251 hintcrn
1143 4202 1189 4251 aul
1205 4202 1248 4253 dir

132 4280 198 4327 Gelu
218 4275 268 4325 und
288 4279 333 4325 aul
350 4275 452 4327 lrbana
478 4278 547 4335 (zum
573 4271 774 4339 licorgenthalcr
800 4270 863 4321 llnl'e
891 4272 1040 4336 gelrongen)
1067 4274 1171 4322 riaraen.
1208 4271 1248 4322 Ob
1312 4302 1316 4311 ·

130 4346 186 4397 dics
217 4345 288 4396 llans
311 4347 368 4396 lucr
391 4345 505 4411 gerrreint
531 4343 571 4396 ist.
597 4343 659 4393 lassi
676 4342 732 4391 nen
751 4341 823 4391 niclrt
848 4342 963 4392 oracla-n.
1002 4339 1035 4390 b'a
1053 4339 1157 4390 sulicint
1174 4340 1246 4401 aher,

132 4414 231 4466 llutian
260 4415 325 4465 habe
348 4415 389 4465 ein
414 4413 473 4464 deni
496 4412 601 4463 Kloster
624 4408 795 4476 deii-genna!
817 4409 952 4475 gelrdriges
970 4408 1043 4460 lluua
1061 4409 1087 4458 in
1107 4408 1193 4461 Gotlra
1211 4411 1247 4460 ini

132 4488 214 4551 Auge,
233 4482 279 4535 das·
297 4500 325 4534 er
342 4482 380 4535 ala
400 4482 557 4533 Bora-ficium
578 4497 609 4531 zu
629 4477 745 4530 orhalteu
765 4479 907 4530 nitriae-lite.
938 4476 1247 4544 tteorgcutlrnlbesarsin

131 4557 214 4605 derina
235 4553 418 4604 rereclriedenr
441 4550 533 4606 druna,
554 4550 604 4600 ruul
623 4548 721 4600 lintion
738 4548 853 4598 bemorlrt
864 4548 958 4599 einrnnl
972 4546 1097 4614 r'ir·ger·liclr
1112 4546 1166 4614 (ΒΥ.
1177 4549 1247 4614 369),

133 4623 178 4674 der
196 4623 247 4674 aot
266 4622 331 4674 habe
350 4624 408 4674 dem
429 4622 541 4673 llorlraer
560 4618 699 4672 llatslrerrn
715 4617 855 4684 Brcngbrer
866 4617 907 4668 ein
921 4617 1025 4668 zueites
1038 4614 1111 4667 Hans
1123 4617 1247 4685 gegeben.
