2774 4966
553 608 659 675 hlotian
677 635 713 674 an
730 609 831 673 doben.
1195 612 1259 683 545

130 786 253 842 sichtla'clr
281 788 355 842 boine
384 787 487 856 Ζειῳαι
511 787 559 854 [dr
585 787 657 841 cetrae
685 788 894 857 Betarmtanqea
919 792 1046 867 paroeat.
1091 787 1260 854 Sctmutar'qe

305 856 418 910 &aeae
435 856 500 909 atter
518 855 625 909 Pitonia
641 859 674 910 in
697 855 865 925 Verbindanq
881 861 934 910 mat
955 855 1075 923 Oordrcs.)

176 944 306 995 Robano
324 944 425 995 Besso
443 943 589 1005 theologo
608 946 641 995 et
657 943 787 1002 medico,
804 947 970 1005 poetarum
987 945 1070 993 hoeti
1086 956 1213 1004 perver-

523 1012 644 1062 sissimo
662 1009 716 1078 (M.
734 1010 857 1078 Rufus).

232 1095 265 1161 S.
312 1095 355 1160 Ut
377 1096 530 1159 invidiam
554 1096 612 1159 tibi
637 1097 779 1177 mihique
799 1097 922 1170 adimis,
939 1097 985 1159 ita
1002 1095 1086 1159 lurta
1101 1101 1134 1159 et
1148 1097 1257 1160 rudem

126 1182 289 1245 inscitiam
313 1180 491 1263 relinquie.¹
541 1181 688 1262 „Beatus
706 1183 761 1262 qui
778 1181 826 1244 vel
844 1181 988 1244 umbram
1007 1181 1101 1244 amici
1123 1180 1258 1246 tenet.“²

123 1267 190 1331 Hoc
216 1266 295 1330 nihil
311 1266 350 1328 ad
368 1271 409 1329 te.
456 1265 623 1329 Sententia
641 1271 688 1330 est
705 1266 878 1330 Plutarchi.
925 1265 1040 1329 Potavi
1061 1265 1259 1330 familiariter

126 1351 317 1416 scribentem
342 1372 406 1415 non
430 1355 575 1434 oportere
598 1358 696 1415 testes
721 1351 903 1433 producere,
930 1373 1000 1414 eum
1025 1351 1068 1414 sit
1090 1351 1258 1414 evanidam

126 1437 375 1501 auctoritatibus
392 1437 424 1498 in
444 1436 539 1517 nugis
562 1443 692 1500 tumere.
733 1435 768 1501 Si
783 1435 917 1518 legenda
934 1436 1059 1518 publice
1079 1437 1258 1512 scriberem,

126 1522 262 1586 dicerem
287 1529 451 1585 auctorum
486 1523 625 1600 nomina,
650 1527 686 1585 ut
708 1542 776 1586 sore
798 1522 888 1585 fieret
909 1543 949 1585 ex
971 1543 1069 1585 usura
1090 1542 1162 1585 cum
1185 1523 1261 1586 eim-

124 1608 269 1690 plicitate
304 1613 336 1670 et
369 1608 452 1688 grati
486 1607 586 1669 animi
620 1607 732 1687 signo..
760 1605 915 1673 Tantum
948 1607 1062 1669 absum
1096 1606 1137 1670 ab
1172 1610 1260 1671 omni

124 1693 309 1773 arrogantia
333 1696 365 1754 et
386 1691 483 1770 fastu,
506 1696 543 1755 ut
566 1712 662 1772 prope
685 1713 735 1754 me
757 1691 837 1754 nihil
860 1692 940 1755 scire
955 1692 1146 1770 existimem,
1162 1696 1259 1774 atque

124 1778 220 1841 etiam
244 1798 290 1853 ea,
315 1797 396 1858 qnae
416 1777 492 1854 scio,
508 1776 557 1840 vel
574 1777 769 1840 dissimulem
786 1777 835 1840 vel
851 1776 961 1842 multis
980 1777 1126 1858 ignorare
1142 1778 1258 1854 videar,

124 1866 251 1926 tanturn
276 1862 316 1924 ab
340 1861 517 1925 ambitione
546 1883 583 1924 ao
614 1862 804 1938 temeritate,
834 1866 872 1925 nt
901 1862 934 1923 in
964 1861 1052 1925 omni
1081 1862 1148 1925 vita
1179 1863 1258 1927 nihil

125 1948 215 2011 edere
240 1947 472 2017 constituerim,
496 1947 618 2027 ingenii
640 1952 836 2029 naturaeque
859 1947 974 2011 virium
1005 1967 1132 2010 memoa
1178 1946 1258 2012 Turn

125 2033 249 2095 demum
275 2033 347 2095 vivo
370 2033 403 2094 in
426 2031 679 2112 librie,.quando
702 2037 807 2095 tecum
825 2036 857 2096 et
873 2053 944 2095 eum
961 2031 1074 2095 ceteris
1086 2031 1260 2114 juvenibus

125 2118 261 2193 disertis,
286 2117 340 2198 qui
364 2138 413 2178 me
437 2116 529 2179 lande
552 2117 660 2198 aliqua
683 2118 876 2198 dignantur;
907 2118 968 2180 nisi
999 2117 1130 2181 comiter
1159 2118 1260 2200 jocari

125 2204 243 2284 spirare
257 2208 312 2264 est.
347 2202 428 2265 Audi
445 2200 598 2264 Serenum
615 2199 773 2283 Pappnm'
790 2203 822 2265 in
840 2223 961 2284 pennas
978 2201 1069 2265 nothi
1083 2213 1098 2242 ⁸
1119 2202 1259 2268 Tilonini

126 2287 337 2352 cavillantem.
384 2287 464 2349 Nam
500 2288 660 2351 detractor
689 2287 743 2350 ille
767 2308 822 2370 pro
844 2310 950 2370 penna
982 2308 1118 2369 pennem
1152 2294 1260 2372 operte

127 2374 326 2455 figurataque
349 2373 448 2454 ponit.

192 2459 279 2534 Quae
302 2458 432 2536 violent,
455 2479 577 2539 pennas
600 2455 703 2521 Notus
726 2457 865 2535 auferat3
889 2461 939 2521 est
961 2457 1065 2522 scelus
1087 2459 1202 2541 ingens

235 2543 380 2624 improba
404 2543 442 2606 de
465 2542 568 2606 doctis
590 2562 703 2622 cogere
726 2543 812 2607 dicta
835 2544 919 2606 viris.

192 2628 218 2693 Ο
242 2649 311 2708 ego,
336 2648 431 2708 quam
455 2627 566 2691 vellem
591 2649 753 2710 nunquam
778 2628 939 2692 studuisse
963 2630 1075 2708 poetis,

238 2714 264 2777 si
287 2713 427 2776 maculat
448 2717 572 2776 mentes
594 2712 688 2777 lectio
712 2722 826 2796 spurca
848 2713 928 2795 pias.

196 2798 305 2861 Penna
328 2799 414 2879 capit
436 2798 595 2862 volucrem
619 2798 711 2861 tereti
735 2799 905 2862 commissa
926 2798 1075 2878 sagittae,

233 2906 336 2966 penne
358 2883 449 2946 salax
472 2884 595 2946 asinam
620 2889 665 2954 tu,
690 2882 847 2961 Tilouine,
869 2882 956 2947 frica.

230 2968 316 3032 llaec
347 2976 395 3031 est
425 2990 496 3032 mea
526 2968 713 3050 petulantia,
746 2971 798 3032 cui
820 2970 846 3031 si
875 2967 990 3032 Festus
1022 2965 1176 3049 Pyrrhns⁴
1208 2990 1260 3032 ac-

127 3056 266 3131 cesserit,
291 3054 347 3117 fiet
369 3055 490 3136 opinor,
514 3058 551 3116 ut
572 3054 684 3118 rideas.

339 3163 453 3227 Festus
476 3162 616 3244 Pyrrhus
638 3163 679 3227 ab
701 3163 818 3245 injuria
841 3184 874 3227 se
896 3162 1048 3227 vindicat.

231 3266 309 3342 Quis
332 3264 414 3329 ferat
436 3265 567 3330 audacis
590 3266 757 3331 temeraria
779 3266 866 3330 dicta
888 3263 1025 3349 poetae?

276 3351 353 3426 Quis
376 3351 484 3415 docuit
507 3351 640 3416 stultum
664 3351 761 3416 verba
784 3352 898 3415 canina
920 3348 1032 3432 loqui?

115 3461 117 3465 ·
236 3436 374 3518 „Auctor
396 3440 464 3499 erat
486 3435 653 3517 Pyrrhus“
701 3437 854 3501 Mentiris.
900 3434 990 3499 Talia
1011 3435 1193 3513 daemon,-

277 3522 339 3598 Qui
361 3521 448 3584 coelo
472 3520 599 3600 decidit,
623 3523 746 3586 semina
767 3522 890 3603 spargit
911 3520 1009 3584 humi.

279 3631 327 3693 Ad
352 3637 472 3712 patrem
498 3632 583 3711 apud
606 3631 711 3695 villam
735 3653 792 3715 pro
815 3634 917 3695 matre
939 3634 972 3694 et
993 3628 1120 3694 amica.⁸

257 3731 374 3810 Vende,
396 3737 496 3815 pater,
521 3734 661 3814 magicos
684 3733 801 3817 populo
824 3736 991 3814 spectante
1012 3753 1158 3795 susurros

296 3817 338 3880 Et
359 3819 501 3899 requiem
524 3818 643 3881 functis
667 3819 786 3882 lumine
809 3817 919 3896 vende,
943 3821 1041 3900 pater.

254 3901 334 3965 Tum
358 3903 440 3985 stipe
464 3902 582 3967 collata
604 3905 788 3984 genitricem
812 3924 906 3987 pasce
928 3903 1061 3967 Dionem

298 3987 338 4050 Et
362 3989 439 4051 mihi
464 4010 640 4055 cunnosam
665 4010 767 4071 pasce,
790 3994 889 4071 pater,
912 3989 1082 4052 dominam.

197 4133 211 4162 ⁸
224 4121 285 4173 noti.

200 4190 208 4220 ¹
226 4187 286 4257 Vgl.
306 4205 360 4242 ror.
379 4188 423 4242 Br.
493 4188 643 4243 'Dieselbe
661 4189 773 4244 Sentenz
791 4189 859 4242 auch
878 4189 915 4242 im
933 4184 993 4242 Ant.
1012 4203 1064 4241 von
1081 4187 1125 4242 Βι·.
1142 4188 1201 4244 473.
1265 4232 1272 4242 .

165 4256 314 4311 ⁸Pseudon
336 4274 371 4323 m,
396 4258 456 4311 dem
474 4256 509 4312 ll.
528 4257 601 4312 aeine
620 4259 669 4310 mit
686 4259 786 4312 Cordus
810 4273 964 4312 zusammen
987 4256 1154 4325 pedichteten
1175 4257 1259 4313 Verso

129 4323 157 4401 in
175 4324 226 4377 den
243 4274 400 4394 Mundlegt.
432 4325 491 4403 lsgl.
510 4326 561 4379 den
578 4325 687 4380 Sohluss
699 4327 746 4380 des
758 4326 811 4394 Ba,
830 4326 911 4380 sanie
928 4326 953 4381 S.
972 4325 1023 4379 540
1041 4327 1072 4377 A.
1091 4324 1115 4376 2.
1142 4324 1259 4380 Beaohte

128 4407 166 4444 un
186 4393 246 4461 folg.
266 4394 313 4447 das
331 4394 476 4472 Wonsprel
493 4394 590 4448 nothus
608 4410 634 4447 u.
652 4395 745 4448 Notus.
800 4397 810 4427 ⁴
827 4394 944 4448 Erfurter
961 4392 1060 4447 Sariba.
1087 4392 1114 4446 S.
1126 4393 1177 4448 210
1189 4398 1221 4449 Α.
1236 4399 1259 4449 l.

128 4459 232 4514 Mation
250 4461 305 4530 legt
321 4462 378 4514 ihm
396 4477 451 4515 seur
469 4461 521 4529 Spe
562 4463 653 4517 edicht
669 4462 697 4516 in
715 4463 766 4517 den
783 4462 874 4528 Manu,
887 4463 921 4515 da
931 4461 990 4516 sich
1000 4461 1102 4514 'lilonin
1116 4460 1157 4514 bei
1168 4462 1259 4516 soinen

129 4527 338 4599 Sohmahnngon⁸
350 4531 398 4584 aul
414 4530 458 4582 ihn
478 4530 511 4583 be
552 4547 586 4583 en
606 4547 639 4584 au
657 4531 744 4585 haben
761 4531 871 4586 soheint.
930 4529 1058 4583 ⁶lilonin
1078 4529 1145 4582 wird
1160 4530 1267 4582 redens

129 4596 285 4665 eingofiihrt.
321 4598 453 4652 hhnliche
470 4597 638 4669 Epigramma
658 4600 702 4655 bei
719 4599 823 4656 (lardus
837 4598 870 4652 in
884 4598 976 4654 seiher
987 4596 1135 4651 hetonam.
1222 4609 1224 4613 ·

156 4686 287 4726 aoracum
300 4676 460 4736 rara'sappr.
474 4688 516 4729 rx.
1033 4665 1086 4727 ‘bb
