2774 4966
546 692 652 750 blutian
671 712 706 750 an
724 690 826 751 Urban.
1188 692 1252 763 435

209 871 369 935 humanae
391 868 508 933 mentis
530 867 659 932 fraudes
681 867 874 950 expostulat,
898 868 965 948 ipse

209 955 351 1019 vindicet
372 956 404 1018 in
429 954 563 1035 populos
585 975 695 1035 regum
719 958 755 1017 ut
777 952 862 1016 facta
884 952 1038 1034 improba,
1062 952 1117 1032 qui
1140 952 1189 1016 fas

208 1047 305 1121 atque
329 1040 419 1103 nefas
441 1040 576 1102 miscent
599 1039 765 1102 reddentes
788 1037 915 1101 turbida
936 1036 1053 1119 jura.“¹

225 1126 312 1189 llaec
334 1125 491 1205 interpres
513 1123 652 1186 Hesiodi.
697 1122 765 1186 Nos
788 1123 820 1185 in
844 1121 1028 1187 transcursu
1056 1123 1254 1203 signavimus

122 1213 309 1275 relationem
341 1208 488 1292 hospitis.
534 1207 647 1272 Saluta
675 1231 738 1283 eos,
767 1208 822 1288 qui
851 1206 1008 1290 Capnioni
1035 1212 1067 1271 et
1095 1208 1191 1272 verbo
1221 1214 1255 1273 et

125 1298 232 1359 animo
267 1295 376 1358 favent
406 1294 587 1375 praeteritis
618 1291 868 1357 detrahentibus.
915 1293 955 1356 Hi
978 1295 1044 1357 sint
1064 1293 1134 1374 jure
1156 1315 1255 1357 axau·

123 1380 270 1463 gurandi,
285 1391 299 1418 ⁸
322 1380 459 1460 exleges,
484 1379 565 1442 illeb
588 1399 661 1442 vero
683 1373 867 1441 valetudiue
895 1378 1106 1459 prosperrima
1128 1383 1161 1440 et
1183 1400 1253 1461 per-

124 1474 248 1548 petuoc
273 1466 384 1528 nostri.
431 1464 494 1527 llll.
519 1463 589 1526 Eid.
612 1464 685 1527 Jun.
711 1462 904 1526 DDDXVIX.

279 1565 340 1617 eod.
359 1564 426 1617 lbos.
446 1564 504 1616 172.

125 1716 242 1785 (sotir.)
651 1700 723 1764 364.
1011 1716 1068 1779 (um
1085 1715 1149 1769 Junr
1168 1714 1255 1785 1514.)

501 1816 647 1886 Mutian
668 1835 718 1884 an
740 1815 879 1886 Urban.
914 1881 918 1890 .

124 1936 213 2002 (Bure,
239 1937 298 1989 doru
323 1935 520 2003 unerfdrrerwn
546 1936 661 1989 Prrbliraes
688 1935 756 1989 brim
785 1934 920 2002 Madnasa
942 1953 995 1989 sacr
1018 1935 1100 1990 Hand
1122 1953 1159 1989 aa
1198 1935 1255 1989 clm.

127 2005 279 2057 &amana
295 2006 353 2057 und
370 2004 508 2057 Mollbdue
526 2006 617 2058 woden
635 2004 745 2057 Metron
769 2005 812 2056 dra
835 2004 1036 2071 Anuartsclratl
1052 2004 1107 2071 aas
1118 2005 1164 2057 eric
1243 2033 1256 2046 ·

125 2073 221 2140 ficium
244 2073 393 2126 astrei-saca.
440 2073 505 2126 ll'ue
537 2073 629 2126 Urbuu
654 2072 717 2124 rut?
756 2073 810 2125 Der
833 2073 952 2126 nancta
976 2074 1065 2125 wdrdc
1087 2073 1154 2126 wohl
1176 2078 1255 2125 etwas

613 2144 768 2208 uenndpcu.)

177 2255 315 2304 Henrico
333 2254 461 2303 Urbano
478 2255 628 2314 magistro
647 2259 679 2303 et
696 2265 863 2303 oeconomo
880 2253 1090 2314 nugalissimo
1108 2256 1140 2304 et
1157 2255 1204 2304 tn·

388 2338 564 2399 tegerrimo,
583 2339 681 2389 amico
699 2339 799 2398 primo
818 2339 863 2389 M.
881 2337 992 2389 Rufus.

229 2445 333 2512 Salus
380 2447 453 2512 Scio
476 2448 623 2529 equidem
647 2470 666 2509 a
687 2451 720 2511 te
743 2469 792 2511 me
816 2451 848 2511 et
872 2469 958 2511 meos
982 2447 1121 2511 fraterne
1143 2449 1253 2513 amari.

124 2534 239 2614 ltaque
261 2533 378 2597 fiducia
401 2532 539 2614 quadam
562 2533 663 2596 fret-us
688 2533 776 2596 venit
799 2534 839 2597 ad
862 2537 893 2597 te
917 2531 1065 2597 Publius²
1088 2533 1257 2614 gavisurus

126 2619 304 2682 animorum
328 2617 562 2699 conjunctione.
609 2618 691 2682 Huic
721 2619 811 2698 plura
842 2618 1043 2697 demandavi,
1073 2622 1255 2699 contentus,

125 2706 154 2768 si
183 2709 305 2787 partem
335 2703 434 2766 officii
464 2707 667 2785 exsequatur.
712 2703 770 2767 Est
801 2705 932 2767 omnino
963 2704 1108 2786 egregius
1137 2707 1170 2767 et
1199 2704 1257 2769 ob·

126 2789 288 2853 servantia
311 2810 373 2852 non
398 2788 521 2870 vulgari
545 2795 576 2852 te
599 2789 685 2864 colit,
710 2794 757 2852 est
780 2790 875 2853 etiam
899 2789 1073 2853 moderatis
1104 2789 1256 2855 moribus.

126 2873 189 2938 Sed
219 2873 286 2938 foro
318 2873 398 2936 belle
421 2875 469 2937 uti
491 2875 603 2951 nescit,
634 2874 820 2956 praesertim
847 2873 952 2937 isthic.
998 2875 1079 2937 Nam
1108 2872 1160 2938 hic
1188 2877 1258 2940 sinc

127 2960 254 3043 querela
289 2960 455 3040 dispensat
488 2963 520 3023 et
552 2960 633 3041 regit
665 2980 729 3022 rem
764 2958 962 3023 familiarem.
1017 2959 1116 3022 isthic
1151 2959 1259 3026 callidi

128 3049 204 3109 sunt
226 3067 328 3108 rerum
353 3046 583 3108 aestimatores.
629 3043 676 3107 Ne
692 3045 791 3124 igitur
807 3044 944 3120 vacillet,
961 3044 1137 3125 provideas.
1175 3045 1258 3122 Quid
1295 3088 1300 3096 ·

129 3131 168 3193 de
191 3151 273 3194 novo
296 3130 395 3193 habes
427 3126 612 3193 antistite‘?⁸
658 3128 739 3205 Quid
763 3129 847 3209 mihi,
864 3129 1047 3193 faciundum
1078 3129 1259 3195 arbitrare?

130 3216 232 3279 Audio
256 3215 410 3296 quosdam
435 3215 486 3278 hic
510 3219 657 3296 expetere
681 3235 798 3294 preces,
822 3215 932 3298 quales
948 3236 1006 3297 ego
1022 3213 1131 3279 habui.
1162 3214 1259 3281 ‚Sali-

130 3300 280 3365 mannus⁸
319 3306 351 3363 et
388 3299 585 3363 Matthaeus⁵
625 3300 817 3363 insidiantur
855 3305 886 3364 et
924 3302 1099 3383 praeripere
1136 3301 1257 3366 volunt.

128 3386 222 3450 Nosti
256 3390 373 3449 sectam
409 3387 514 3450 istam.
562 3385 595 3448 Si
629 3386 676 3448 vis
710 3388 747 3447 ut
780 3387 950 3467 quiescam,
986 3385 1175 3465 dormitabo,
1208 3388 1258 3452 siu

128 3476 234 3535 autern
259 3475 295 3534 ut-
318 3472 456 3553 vigilem,
487 3476 576 3534 totus
603 3471 697 3551 agilis
721 3492 772 3534 ero
796 3476 828 3533 et
850 3470 1027 3552 impetrabo
1056 3491 1143 3553 spem
1175 3492 1261 3536 more

128 3556 314 3621 ambitionis
347 3560 378 3619 et
413 3556 519 3619 studio
557 3555 729 3633 candidati,
768 3555 822 3619 sed
860 3555 929 3619 sine
965 3555 1123 3620 sordibus.
1183 3556 1261 3633 Quis

128 3644 212 3706 enim
248 3647 364 3704 erueret
397 3641 510 3722 spem?
554 3640 672 3703 Tamen
697 3647 733 3704 ut
757 3661 841 3704 nunc
874 3645 950 3705 sunt
982 3642 1117 3718 saecula,
1152 3663 1262 3724 preces

128 3731 205 3792 sunt
228 3728 345 3803 irritae,
369 3726 430 3789 nisi
454 3726 567 3789 altaria
591 3728 728 3788 nummis
752 3748 848 3790 emas.
895 3725 1064 3808 Utcunque
1087 3728 1143 3791 sit:
1177 3729 1260 3792 vati-

129 3814 218 3876 cinor
241 3812 361 3891 aliquid
385 3812 416 3875 in
440 3832 473 3874 re
496 3832 567 3873 mea
597 3832 689 3892 posse
712 3817 744 3874 et
767 3811 846 3874 velle
877 3810 1127 3888 cancellarium,⁰
1158 3815 1259 3877 virum

129 3897 342 3962 clarissimum
366 3902 398 3960 et
422 3897 671 3970 ornatissimum,
695 3898 750 3977 qui
773 3900 810 3960 ut
832 3899 957 3976 magnis
988 3897 1171 3961 doctoribus
1195 3919 1258 3962 non

129 3983 224 4060 cedit,
260 3984 305 4045 ila
337 3982 376 4044 ad
414 3985 576 4064 proximos
600 3986 633 4043 et
654 3980 920 4044 familiarissimos
953 3982 1089 4047 Matiani
1124 3984 1256 4048 accedit.

130 4071 216 4133 Bene
240 4068 368 4144 habeas,
391 4067 519 4131 Urbane
542 4065 726 4130 carissime.²

286 4168 347 4219 Cod.
366 4166 432 4220 Fuci.
454 4169 511 4221 177.

198 4302 212 4329 ⁸
226 4287 399 4340 exautorandi
420 4286 494 4340 Terra.
564 4287 631 4340 billi
651 4286 724 4339 uara.
796 4287 950 4353 eperpetua
969 4285 1042 4339 Tenc.

205 4356 336 4408 ¹Hesiod.
359 4351 440 4422 Ἔργα
459 4377 480 4409 κ,
500 4355 523 4420 p‘.
542 4356 685 4409 arn-960.
758 4355 882 4407 ’Iliencr
907 4353 1031 4409 Mutians.
1068 4354 1093 4407 S.
1112 4357 1162 4409 407
1187 4359 1217 4409 A.
1237 4357 1260 4410 2.

166 4424 322 4476 ³Albrecht
342 4441 366 4477 v.
385 4423 480 4490 Mainz,
505 4425 619 4493 gon’lilrlt
641 4426 665 4476 6.
690 4424 769 4481 blr'ua,
795 4423 909 4490 gerveiht
933 4423 973 4474 14.
991 4422 1052 4476 Mai.
1089 4422 1147 4491 Vgl.
1167 4423 1192 4477 S.
1210 4419 1262 4478 466

129 4497 162 4548 A.
180 4493 206 4546 8.
259 4493 364 4546 *Gotlu
384 4493 609 4546 liauouikerdoh.
629 4493 788 4546 Saltzmanu.
818 4491 844 4545 S.
865 4490 915 4543 138
934 4495 965 4544 A.
984 4493 1008 4543 3.
1063 4490 1115 4543 ⁶S.
1134 4493 1168 4545 60
1187 4495 1217 4545 Α.
1236 4495 1261 4547 3.

165 4561 248 4613 “Dor
270 4560 365 4613 Maior.
390 4561 506 4614 Kaualer
528 4562 588 4614 Joli.
613 4561 766 4627 Englendor.
803 4560 828 4614 S.
848 4559 899 4612 230
915 4561 947 4611 A.
968 4561 990 4610 1.
1062 4560 1131 4610 'An
1148 4559 1199 4612 den
1217 4559 1260 4613 Br.

131 4629 256 4683 schliesst
273 4629 331 4682 sich
351 4629 386 4681 irn
406 4631 466 4683 Cod.
486 4632 553 4683 ohne
572 4631 715 4683 bosoudcro
742 4628 873 4681 Nuurrnor
891 4627 933 4679 die
951 4624 1080 4696 Quittuug
1102 4626 1217 4681 blutiaus
1236 4645 1260 4681 v.

133 4701 173 4754 13.
192 4699 264 4765 luni,
282 4697 325 4750 die
344 4713 404 4750 auru
423 4698 482 4768 iulg.
502 4699 545 4751 Br.
564 4699 657 4765 gehbrt
674 4698 728 4750 und
746 4695 785 4750 uls
802 4695 848 4750 Nr.
868 4696 919 4749 366
936 4694 1011 4763 lolgl.

996 4763 1071 4828 bb*
