2774 4966
550 635 653 690 Mutian
671 652 706 691 an
723 636 823 695 Urbau.
1174 643 1238 709 429

124 810 198 894 quin
233 808 431 890 Spoletinum
455 808 624 884 nominavi,
651 824 727 892 rogo
756 808 894 874 Cotioni¹
931 831 984 891 per
1016 810 1239 877 Osimundum²

125 895 325 981 persuadeas,
363 899 398 957 ut
436 894 533 957 instet
573 898 605 957 et
640 896 760 976 aspiret
795 893 964 960 Nitbardo⁸
1002 896 1239 962 instantissime.

125 980 233 1059 Qualis
265 979 422 1043 uecordia!
466 977 536 1042 Nou
570 980 664 1043 refert
696 983 841 1062 gratiam,
875 1003 996 1064 semper
1026 984 1116 1065 petit.
1161 984 1242 1060 Quid

126 1064 296 1131 retribuit?
340 1065 423 1126 Eant
450 1064 488 1126 ad
516 1065 641 1141 Oreum,
669 1067 724 1146 qui
751 1065 856 1131 officia
879 1074 910 1130 et
932 1068 1039 1132 studia
1070 1070 1239 1134 amicorum

126 1153 221 1217 nullis
255 1151 376 1213 meritis
411 1157 658 1215 remunerantur.
712 1151 779 1234 Ego
812 1154 844 1216 in
880 1159 1036 1235 posterum
1073 1176 1134 1218 non
1169 1161 1241 1220 utar

125 1238 248 1303 illorum
288 1236 407 1298 auxilio
445 1241 613 1300 contentus
658 1236 764 1301 divino
803 1239 968 1321 praesidio.
1031 1242 1240 1320 ,Assumite“,

124 1324 237 1388 scribit
270 1320 386 1384 Paulus
417 1320 569 1402 Ephesiis,
603 1343 707 1402 „arma
737 1323 796 1400 dei,
829 1329 865 1388 ut
893 1326 1020 1406 possitis
1041 1327 1186 1390 resistere
1207 1328 1240 1391 in

125 1410 175 1473 die
202 1406 313 1472 malo.“
360 1405 416 1469 His
438 1407 513 1470 telis
536 1414 675 1470 armatus
698 1409 774 1489 quid
797 1408 946 1473 horre-at?
990 1410 1073 1487 Vale,
1097 1412 1191 1475 salve.

280 1507 339 1561 Cod.
358 1505 424 1559 Frcf.
445 1507 500 1559 174.

125 1696 237 1766 (cotra)
645 1681 716 1744 359.
967 1698 1002 1767 (n.
1022 1699 1061 1754 24.
1081 1699 1134 1754 reu
1155 1702 1240 1772 1514.)

475 1806 618 1877 lintion
639 1827 688 1877 an
709 1806 893 1878 Herbord.

125 1936 228 2003 (Sendet
245 1953 297 1988 aur
322 1935 459 2003 tl'arrmnp
482 1935 558 1988 Verse
576 1934 631 2002 ures
641 1934 691 1988 den
707 1936 865 1989 certamnen
883 1936 1007 2006 Henm'ny
1028 1940 1109 1993 Goede
1127 1942 1183 1994 arrd
1193 1942 1248 2009 aus

287 2006 336 2057 den
353 2005 554 2073 diruperictteten
570 2004 698 2068 Βοὺεκαη,
716 2005 760 2058 dte
777 2006 866 2059 beiden
884 2007 1074 2074 „0raecten“.)

347 2119 419 2168 Non
437 2118 578 2169 omnibus
594 2122 711 2179 peceat,
728 2122 850 2171 tantum
868 2121 1012 2172 selectis.⁴

227 2228 259 2292 Si
294 2228 387 2306 vales,
420 2228 500 2292 bene
532 2231 594 2307 est;
628 2249 686 2310 ego
720 2229 819 2292 valeo.
857 2219 1004 2311 ’Ἀγαμος
1040 2234 1239 2313 Agamestor⁸

124 2317 218 2381 homo
252 2316 460 2395 semigraecus
494 2316 592 2379 mittit
626 2318 665 2378 ad
699 2313 860 2390 Baldum,⁶
899 2317 992 2400 hujus
1025 2320 1092 2381 aevi
1127 2320 1241 2385 celebri

125 2403 209 2466 fama
239 2400 442 2477 causidicum,
477 2423 515 2463 ne
542 2407 658 2483 peccet,
689 2402 966 2466 commonitionem
998 2403 1080 2466 banc
1112 2426 1239 2487 gravem

125 2511 180 2572 per
213 2486 356 2569 exempla
387 2487 518 2550 duorum
553 2487 731 2550 tabularum
767 2488 884 2569 primae
917 2488 1043 2553 classis:
1075 2491 1130 2573 qui
1152 2514 1242 2575 pares

125 2579 214 2639 erant
253 2572 376 2637 dicendi
412 2571 523 2654 gloria,
560 2573 678 2636 similes
715 2573 842 2654 ingenio
877 2578 909 2637 et
943 2575 1091 2653 nroribus,
1130 2584 1240 2661 utpote

124 2662 219 2736 tastu,
248 2659 393 2731 avaritia,
424 2658 561 2739 perfidia,
594 2659 780 2737 temeritate,
815 2658 989 2723 malefactis
1025 2662 1181 2728 notabiles
1209 2672 1240 2731 et

125 2746 247 2821 famosi,
262 2756 276 2784 ⁸
298 2745 441 2826 quamvis
463 2766 482 2807 a
506 2743 620 2826 populo
643 2744 776 2807 multum
801 2744 928 2810 honoris
952 2767 1007 2828 pro
1029 2769 1087 2810 sua
1116 2751 1242 2831 utrique

126 2832 307 2896 celebritate
331 2829 506 2894 haberetur.

175 2935 219 2998 ad
245 2934 379 2997 nobilem
403 2937 434 2996 et
457 2932 717 2997 audentissimum
741 2932 913 3012 Baldum,b
936 2956 975 2997 ne
997 2934 1194 3016 importunus

530 3018 588 3082 fiat
610 3019 827 3100 importunior.

229 3107 349 3186 degree
371 3105 467 3168 animi
490 3105 602 3169 turbae
626 3103 807 3186 Tranquillo
833 3105 945 3169 cedite.
990 3104 1118 3170 Falsum

270 3190 456 3254 submoveat
477 3192 541 3254 veri
564 3191 659 3273 digna
681 3191 787 3253 lavore
809 3190 895 3254 fides.

227 3276 292 3339 Nec
314 3275 442 3340 rabulae
465 3281 597 3358 pergant
619 3277 764 3340 tenebras
787 3297 978 3359 praeponere
1000 3276 1078 3357 luci3

271 3382 328 3426 nos
351 3369 526 3425 commenta
549 3362 608 3425 lori
632 3363 776 3427 novimus
799 3384 866 3425 esse
888 3384 999 3443 nugas.

228 3449 292 3513 lmo
317 3447 434 3529 aliquid
459 3449 530 3511 lites
553 3449 726 3528 insanaque
745 3449 859 3530 jurgia,
883 3468 1036 3520 nummos,

270 3535 368 3598 inulta
390 3539 495 3597 tamen
519 3534 641 3615 cupidis
663 3535 777 3597 damna
802 3555 971 3614 necemque
994 3533 1124 3599 dabunt.

231 3621 269 3685 tlt
292 3620 418 3683 sceleris
441 3619 560 3702 placuit
581 3619 697 3702 populo
720 3619 868 3683 damnare
890 3618 1079 3695 Sinonem,⁰

271 3712 421 3786 quattuor
443 3728 461 3768 a
484 3706 628 3769 trabibus
651 3706 741 3768 trista
764 3705 912 3786 pependit
934 3706 1053 3768 onus.‘¹

232 3792 386 3872 l'rolugus
408 3792 519 3855 exsilio
541 3792 648 3854 latitat
670 3790 841 3869 Catilinae
864 3814 921 3855 uec
943 3813 1026 3856 unus

271 3878 323 3940 sod
348 3880 529 3942 latratorum
554 3877 647 3941 turba
672 3877 803 3940 molesta
826 3877 927 3940 simul.

125 4024 284 4034 ...μ-.-.μή
299 4027 328 4031 ..-

194 4098 382 4164 alturulplosse
392 4117 401 4150 .·
421 4097 643 4166 morcchnningi
655 4097 829 4150 etbubezcau.
882 4100 896 4137 b
910 4096 1047 4149 llnriilrr:
1066 4096 1242 4151 Herebordus

128 4169 331 4236 cnanuynsse:
353 4168 491 4219 bubczean.
561 4171 662 4234 dapnis.
731 4166 933 4232 alturulqtnsse:
951 4164 1113 4235 Houuingus.

197 4237 392 4303 ¹Sbmrnon'ng.
429 4235 453 4289 S.
473 4236 523 4288 288
541 4240 571 4288 Α.
593 4239 613 4290 l.
684 4238 741 4288 ²u.
761 4234 886 4299 Osmund,
910 4233 1019 4287 tlffizial.
1055 4236 1080 4287 S.
1099 4234 1149 4289 279
1166 4237 1197 4287 A.
1216 4235 1239 4287 2.

161 4307 246 4360 ³.lolr,
272 4305 391 4365 Nitlrurd,
413 4304 570 4372 Prepesitus.
607 4304 631 4359 S.
656 4306 701 4357 3⁴51
729 4308 759 4356 A.
782 4307 802 4356 l.
873 4301 949 4356 *Die
972 4303 1083 4355 Adressc
1106 4302 1172 4355 lehlt
1195 4303 1240 4355 ab·

125 4375 249 4428 sichtlich
274 4390 363 4441 u'egnn
389 4375 434 4426 des
452 4373 644 4426 rertraulichen
670 4373 774 4427 lulralts.
810 4373 899 4425 Ilalrer
916 4372 983 4424 auch
1003 4370 1045 4424 die
1064 4371 1241 4440 pseudonyrne

126 4444 310 4511 Bezeichuung
334 4442 449 4495 Mutinns
467 4459 491 4494 u.
511 4441 641 4495 Herbords
660 4442 694 4493 im
719 4441 810 4495 Briele.
881 4439 1016 4494 ⁶blutinn.
1086 4439 1240 4494 ⁶Herbonl.

126 4513 174 4565 llic
192 4513 282 4566 Glosse
302 4513 335 4564 ist
354 4512 393 4564 bei
414 4512 473 4563 doru
493 4511 619 4563 Gedichte
637 4510 748 4563 dart‘rber
765 4509 941 4577 geschriobeu.
968 4510 1045 4562 Auch
1054 4508 1096 4561 dio
1105 4508 1240 4577 folgenden

125 4581 203 4648 Sinon
221 4582 272 4634 und
291 4580 401 4634 Catilina
418 4580 476 4632 sind
496 4596 538 4632 nm
555 4579 645 4632 Raude
663 4580 744 4631 durch
773 4577 893 4632 Butreznn
916 4580 969 4630 und
993 4577 1115 4646 Henning
1137 4578 1239 4631 ertlitrt.

127 4650 197 4703 Uber
214 4650 333 4703 Bobezun
350 4649 375 4704 S.
394 4650 441 4701 421
462 4653 492 4701 A.
510 4649 535 4703 2.
553 4648 618 4701 iiber
635 4647 720 4701 Gnade
740 4646 765 4701 S.
784 4649 817 4700 73
837 4651 867 4702 A.
888 4650 908 4702 1.
945 4646 1130 4700 s.412n.4.
