2774 4966
528 626 634 681 Mation
652 643 685 681 au
704 625 831 681 Harbord.
1171 629 1234 695 359

125 812 240 881 (oona.)
643 796 714 860 292.
1016 812 1058 866 21.
1075 815 1143 882 Aug.
1164 814 1241 867 1513.

472 920 614 993 Mutian
636 943 683 992 an
706 922 887 993 Herbord.

131 1051 335 1118 (Versictmarp
362 1052 407 1103 der
434 1052 624 1119 Frcunrtsrlurft
653 1058 718 1104 trote
746 1053 789 1105 ‹Ics
817 1053 1046 1106 aicrmorrutlirtrcn
1081 1053 1241 1121 senceum

134 1120 277 1173 Herdords.
315 1120 501 1173 Glir'clrmmsclr
513 1138 549 1173 au
561 1122 616 1173 clem
633 1122 776 1174 (lutucdtan
788 1121 851 1173 uber
861 1121 904 1173 uie
918 1123 998 1175 (iliter
1008 1122 1053 1174 der
1071 1120 1241 1174 Verbunntcn.

136 1189 203 1243 Wr'll
213 1189 299 1241 seincr
307 1185 376 1248 Bittc
384 1205 430 1241 arn
442 1189 498 1242 eine
510 1190 635 1256 lnsrlrrr'st
646 1190 693 1256 fiir
703 1190 745 1243 die
756 1191 892 1243 rr'r'tcrlirlrc
904 1189 1048 1244 Butades
1058 1190 1240 1259 eratspreclren.)
1304 1234 1308 1242 .

262 1303 443 1355 Herebordo
460 1305 631 1367 Margarita
651 1306 748 1356 amico
765 1307 911 1366 primario
929 1306 972 1356 Μ.
990 1305 1099 1356 Rutlrs.

231 1413 262 1477 S.
308 1415 418 1478 Potest
458 1416 536 1493 lieri,
572 1419 609 1479 ut
644 1437 730 1480 arnor
766 1437 828 1479 non
866 1415 1055 1480 dissolvatur
1098 1415 1234 1479 silentio.

128 1501 299 1565 Possumus
332 1502 425 1564 etiarn
462 1503 509 1565 uti
541 1502 666 1565 silentio
700 1522 762 1565 non
795 1502 913 1565 incivili
950 1524 1051 1583 neque
1090 1500 1235 1582 superbo.

128 1585 305 1668 Utrumque
327 1592 414 1649 tuam
438 1588 571 1669 culpam,
594 1589 621 1650 si
644 1587 734 1670 culpa
763 1593 811 1650 est
837 1589 1043 1651 intermittere
1075 1587 1233 1651 literarum

128 1673 388 1746 vicissitudinem,
422 1677 586 1755 expurgat,
619 1674 644 1736 si
680 1673 945 1755 interpretaberis.
990 1673 1069 1736 Nam
1100 1675 1240 1737 sincerus

127 1780 215 1822 amor
245 1760 277 1822 in
305 1758 453 1821 cordibus
485 1759 547 1822 sibi
581 1759 684 1822 sedem
719 1759 838 1822 defixit.
885 1759 960 1822 lium
997 1764 1073 1823 tunc
1104 1759 1240 1823 testibus

128 1844 271 1925 epistolis
305 1847 511 1921 ostentamus,
545 1866 615 1908 cum
645 1845 787 1908 infirmus
818 1848 928 1908 nutare
958 1849 1054 1925 atque
1080 1845 1150 1909 ideo
1180 1843 1241 1909 ful-

129 1931 259 1994 ciendus
291 1930 423 1993 videtur.
479 1930 568 2006 Quod
602 1931 663 1993 illis
697 1932 864 2011 contingit,
896 1951 1027 2012 quorum
1062 1930 1242 1994 voluntates

129 2020 258 2080 mutuae
293 2017 381 2078 tenui
418 2038 454 2078 ac
494 2014 596 2096 fragili
633 2015 745 2099 copula
781 2016 958 2079 cohaerent.
1017 2016 1132 2080 Nostra
1170 2038 1241 2080 vero

128 2102 348 2165 benevolentia
380 2100 540 2165 doctrinae
574 2102 655 2166 nodo
689 2102 834 2165 devincta
862 2124 924 2166 non
955 2101 1046 2166 facile
1080 2102 1241 2166 dissuitur.

129 2187 287 2252 Salutatio
319 2186 445 2268 quidem
468 2191 525 2251 tua
547 2188 768 2268 quadrimestri
790 2188 895 2252 studio
924 2188 1041 2252 lassata
1068 2187 1240 2251 dormivit¹

131 2275 224 2338 rimor
246 2277 350 2337 autern
375 2295 449 2356 erga
472 2295 519 2336 me
542 2278 616 2337 tuus
641 2278 750 2355 utpote
773 2274 940 2356 singularis
963 2296 1025 2337 non
1045 2277 1094 2336 ost
1109 2274 1240 2355 sopitus,

128 2361 181 2424 sed
206 2361 304 2442 spirat
324 2360 441 2441 jugiter
463 2365 615 2441 tanquam
640 2360 722 2439 iguis
747 2359 887 2424 Vestalis
933 2357 1094 2441 Collegisti
1127 2360 1243 2442 scripta

131 2446 391 2517 scaevolarum·
414 2447 467 2528 qui
497 2445 695 2516 intenebris
731 2446 820 2527 quasi
853 2446 936 2510 caeci
968 2451 1108 2510 errantes
1142 2445 1242 2509 lucem

132 2532 226 2615 hujus
258 2531 375 2596 saeculi
397 2553 458 2594 non
485 2537 684 2615 aspexerunt,
708 2532 770 2596 imo
793 2555 832 2596 ne
854 2532 971 2614 priores
997 2531 1122 2614 quidem
1147 2530 1242 2613 juris·

130 2618 292 2683 consultos
311 2618 382 2699 jura
405 2618 563 2699 pontilicis
586 2618 705 2682 romani
728 2625 921 2699 exponentes
937 2618 1015 2681 satis
1031 2617 1240 2699 perviderunt.

132 2705 284 2781 Quocirca
316 2709 423 2767 carent
457 2705 646 2767 auctoritate
673 2705 755 2786 apud
784 2704 938 2768 cruditos:
970 2704 1001 2767 in
1026 2704 1091 2767 loro
1114 2707 1238 2767 tantum

131 2792 294 2872 imperitae
324 2790 536 2854 multitudinis
567 2788 711 2853 celebres.
757 2788 818 2853 Sed
852 2789 979 2853 induam
1011 2789 1182 2853 laudatoris
1213 2792 1245 2853 et

130 2877 323 2958 gratulantis
346 2898 519 2958 personam,
543 2898 581 2938 ne
605 2876 733 2939 omnino
760 2875 932 2957 perdidisse
963 2875 1065 2938 oleum
1096 2876 1239 2939 videaris.

129 2962 297 3039 Debemus,
323 2967 357 3025 ut
381 2963 474 3037 nosti,
508 2961 626 3042 patriae
649 2967 681 3024 et
702 2962 820 3025 amicis.
868 2960 965 3023 Amici
993 2961 1135 3024 doctores
1163 2983 1243 3043 quae

130 3047 191 3112 tibi
225 3048 427 3124 mandarunt,
459 3047 577 3111 obiisti.
632 3047 677 3109 De
710 3046 831 3110 furibus
867 3047 986 3124 aerarii,
1020 3047 1075 3128 qui
1107 3047 1241 3128 patrium

132 3135 232 3199 solum
256 3138 385 3212 vertere,
409 3138 440 3197 et
463 3154 569 3197 eorum
592 3132 797 3196 facultatibus
820 3154 856 3197 ac
879 3132 1003 3213 publice
1025 3133 1151 3196 creditis
1167 3153 1242 3195 con-

132 3221 235 3285 sultus
268 3221 467 3303 respondisti,
502 3226 577 3301 puto
611 3242 650 3282 ex
681 3218 812 3300 tripode.
868 3219 944 3295 Quis
977 3218 1059 3282 hanc
1093 3220 1242 3300 pietatem

130 3306 361 3390 reprehendat?
405 3304 541 3369 Tantum
563 3305 654 3369 abest
675 3311 711 3368 ut
734 3306 765 3368 in
789 3305 848 3369 hoo
876 3326 976 3368 rerum
1005 3309 1078 3367 actu
1109 3303 1243 3385 culpam,

131 3394 159 3456 si
188 3392 279 3455 modo
310 3395 401 3456 caute
436 3392 543 3455 stilum
578 3391 714 3461 duxeris,
748 3391 890 3467 insecter,
925 3397 959 3453 ut
992 3391 1087 3454 etiam
1121 3389 1244 3453 laudem

132 3479 286 3541 merearis.
333 3478 527 3558 Quamquam
551 3477 641 3540 initio
666 3475 884 3540 difficultatem
915 3481 945 3538 et
974 3475 1142 3557 periculum
1175 3497 1245 3557 pro·

132 3565 268 3645 spiciens
296 3563 356 3626 tibi
383 3564 485 3639 timui,
508 3562 668 3626 suadendo
690 3565 727 3624 ut
748 3562 923 3625 abstineres
945 3565 1040 3643 atque
1071 3562 1103 3624 in
1133 3564 1164 3624 te
1192 3561 1245 3625 de-

133 3649 295 3713 scenderes
328 3649 403 3712 data
435 3644 678 3730 Francobergio²
711 3647 867 3711 electandi
898 3648 1066 3729 provincia.
1122 3647 1181 3723 Qui
1215 3650 1247 3710 et

132 3736 233 3798 facero
266 3738 355 3798 tuum
389 3755 468 3815 opus
504 3733 605 3798 voluit
635 3738 666 3797 et
695 3733 821 3797 fecisset
854 3732 978 3796 favente
1012 3733 1095 3796 tribu
1131 3737 1244 3809 vestra,

132 3822 194 3884 nisi
224 3841 345 3884 sacrum
372 3824 461 3884 tuum
489 3820 642 3883 ambitum
671 3821 790 3902 patriae
813 3819 953 3900 dignitas
976 3818 1016 3882 ad
1039 3818 1242 3894 enarrandam

132 3908 348 3988 quaestionem
371 3907 618 3988 praecipitasset.
664 3905 752 3982 Quod
783 3909 887 3968 autem
920 3904 1069 3968 Birmosti
1099 3926 1174 3968 usus
1202 3905 1246 3967 sis

133 3989 285 4076 speculo‚'
305 3994 338 4055 in
354 4013 390 4056 eo
406 3992 520 4072 probas
536 3996 568 4054 te
583 4013 650 4054 esse
666 3991 764 4054 oculis
780 3990 970 4073 praeditum3
994 3990 1077 4072 quod
1093 3990 1247 4073 speculari

134 4082 284 4159 quaestus
319 4077 416 4142 futuri
449 4079 551 4159 gratia
583 4078 728 4154 volueris,
757 4077 790 4140 in
818 4097 853 4140 eo
882 4076 1009 4142 testaris
1042 4075 1245 4158 cupiditatem

135 4165 242 4228 animi.
288 4163 374 4227 Petis
406 4163 498 4227 breve
531 4162 660 4237 dictum,
694 4162 748 4226 sed
784 4163 920 4245 priscum
943 4166 975 4225 et
996 4162 1129 4243 insigne,
1162 4161 1247 4244 quod

135 4251 275 4333 paternis
305 4249 496 4331 imaginibus
519 4249 707 4313 subscribas
753 4247 904 4330 Capram,
929 4270 967 4312 ne
990 4248 1153 4311 desideres.
1199 4246 1247 4311 Ad

139 4390 183 4397 ...-
193 4390 295 4396 --—.....

203 4468 216 4495 a
231 4452 284 4505 Am
300 4453 409 4506 uulua·
428 4454 460 4507 de
478 4453 585 4506 consilio
602 4452 725 4522 loquitur,
744 4451 815 4521 quod
833 4451 999 4505 Herebordus
1011 4448 1149 4519 collegerat
1160 4453 1248 4505 uonna

136 4520 289 4659 enlll'sllgl
307 4591 351 4644 Br.
370 4590 427 4644 281.
497 4591 583 4644 ²doh.
609 4588 759 4643 Enrmerioh
785 4603 836 4642 ron
862 4587 1050 4657 blankenburg,
1076 4588 1128 4643 nrt.
1154 4587 1246 4643 Jnriu

134 4657 160 4714 S.
181 4656 232 4714 238
248 4664 279 4713 A.
298 4660 322 4714 6.
393 4657 561 4714 ³Violleioht
577 4659 636 4712 eine
649 4658 735 4727 jurist.
754 4657 845 4711 Arbeit
860 4656 1010 4712 Biermosts.
1046 4656 1072 4713 S.
1089 4656 1123 4711 68
1139 4660 1170 4711 A.
1190 4658 1213 4709 l.
