2774 4966
154 637 218 701 486
586 637 674 690 orrea
692 635 738 690 des
756 637 781 691 l.
802 635 875 692 151⁴.

156 811 226 888 Qua
248 813 382 890 ratione,
414 831 477 893 qua
501 810 701 890 providentia
729 813 865 887 utemur,
889 831 927 873 ne
951 832 1009 873 nos
1040 808 1115 872 novi
1145 802 1295 875 hominos

156 902 189 960 et
222 896 349 960 barbari
385 895 574 960 derideant?
625 894 760 977 Scriptis
794 895 886 958 credo
920 895 1108 976 obsignatis.
1155 894 1219 960 Sed
1254 916 1293 960 eo

155 1003 269 1046 uenere
293 1003 406 1058 mores,
430 985 467 1044 ut
491 981 750 1062 pbilosophorum
775 981 927 1062 epistolae
951 981 1068 1062 passim
1090 980 1294 1062 resignantur

155 1074 188 1130 et
216 1067 304 1130 velut
334 1068 429 1131 alieni
463 1071 495 1129 et
527 1064 617 1129 nothi
648 1065 705 1128 filii
737 1070 949 1148 exponantur,
973 1069 1065 1129 tanto
1092 1066 1203 1130 sceleri
1231 1067 1292 1130 im·

156 1153 303 1233 punitate
338 1153 424 1215 data.
470 1151 602 1214 Terreat
635 1151 855 1215 cautissimum
890 1172 1048 1234 quemque
1078 1174 1137 1215 sua
1167 1153 1292 1234 experi-

156 1244 265 1301 menta
296 1243 328 1300 et
357 1242 393 1300 tu
426 1237 527 1300 multa
560 1237 678 1317 legisti,
712 1238 812 1300 multa
845 1238 1008 1313 audivisti,
1043 1242 1074 1300 at
1107 1238 1292 1320 saepissime

157 1329 361 1404 praeceptum
396 1327 445 1385 est
473 1344 491 1384 a
515 1322 714 1404 sapientibus
748 1327 779 1385 et
814 1324 982 1386 memoriae
1016 1323 1175 1403 proditum
1211 1322 1291 1387 nihil

157 1431 225 1472 essa
249 1410 377 1472 silentio
401 1407 513 1469 tutius.
561 1408 716 1488 Proponis
741 1406 817 1470 mibi
842 1407 1014 1472 Urbanum.
1061 1407 1211 1472 Urbanus
1226 1430 1291 1473 non

157 1501 206 1557 est
238 1495 382 1556 nuntius.
439 1491 590 1556 Ostendis
624 1494 720 1555 alium
753 1495 860 1556 nescio
891 1515 984 1574 quem
1018 1493 1170 1557 rabulam.
1218 1492 1288 1559 Non

156 1578 252 1642 audio
284 1600 388 1661 neque
419 1577 528 1639 audeo.
575 1578 656 1653 Quid
688 1584 736 1640 est
768 1579 865 1641 nimia
899 1578 1069 1642 credulitas
1101 1579 1162 1642 nisi
1191 1580 1291 1643 stulta

158 1663 292 1727 vilitas?
338 1663 416 1726 Fide
440 1668 549 1726 carent
572 1665 786 1743 sanguisugae
810 1669 842 1726 et
864 1665 989 1746 repulsa
1013 1665 1147 1727 notandi
1163 1665 1290 1729 notarii.

156 1749 294 1831 Sagunt,
333 1749 489 1820 lambunt,
528 1751 660 1811 sorbent
695 1750 880 1828 sanguinem
917 1770 1100 1832 pauperum.
1146 1749 1292 1814 Istisne·

156 1835 239 1898 dabo
276 1835 387 1897 literas
423 1835 462 1897 ad
497 1836 551 1895 te'?
597 1833 688 1896 Corte
722 1856 785 1897 non
821 1835 912 1897 dabo.
960 1835 1071 1916 ltaque
1107 1835 1152 1898 fer
1187 1857 1290 1917 aequo

155 1922 262 1983 animo
295 1920 547 1983 taciturnitatem
574 1942 686 1994 meam,
711 1942 780 1983 oum
807 1921 902 2000 probe
926 1922 1008 1983 scias
1031 1925 1062 1983 te
1086 1943 1104 1983 a
1127 1943 1176 1984 ma
1200 1921 1291 2003 diligi

157 2027 270 2087 meque
286 2006 347 2068 tibi
365 2004 480 2079 favore,
496 2011 527 2066 te
544 2007 650 2068 animo
669 2005 967 2070 benevolentissimo
984 2012 1081 2088 atqua
1097 2007 1290 2071 amicissimo

156 2091 324 2173 complecti
348 2092 444 2153 etiam
469 2092 562 2171 longo
585 2092 704 2172 diuque
727 2092 901 2154 absentem.
949 2091 1112 2156 Perfidiam
1130 2092 1291 2156 nibilomi-

157 2199 228 2252 nus,
258 2177 285 2239 si
317 2198 475 2239 cursorem
509 2176 646 2257 aliquem
683 2176 832 2240 idoneum
867 2178 1163 2260 providentissimus
1198 2183 1289 2261 pater

156 2260 305 2326 Urbanus
339 2260 502 2338 obtulerit,
537 2284 576 2323 ne
609 2262 727 2325 frustra
761 2263 999 2326 scribendarum
1035 2262 1199 2328 literarum
1233 2263 1290 2327 ad-

156 2349 319 2411 monuisse
343 2369 402 2411 nos
425 2348 597 2411 arbitreris.
644 2348 777 2411 Hessum
802 2370 905 2411 meum
930 2354 1097 2430 tantopere
1119 2371 1139 2413 a
1161 2353 1194 2413 te
1217 2370 1290 2432 pro-

157 2433 226 2497 bari
259 2433 406 2515 gaudeo¹
455 2433 588 2497 Carmen
612 2437 662 2496 est
681 2433 959 2515 jucundissimum,
994 2435 1120 2516 legitur,
1154 2441 1291 2500 amatur.

159 2519 218 2582 Est
247 2519 377 2600 aliquid,
403 2518 429 2582 si
454 2541 560 2582 vorum
592 2520 670 2582 scire
695 2520 752 2596 via,
776 2519 936 2598 Eobanus,
968 2521 1051 2584 inter
1075 2519 1235 2586 Nasonem
1259 2527 1292 2586 et

157 2604 336 2686 Baptistam
372 2604 583 2668 Mantuaunm
620 2606 752 2682 medius,
784 2606 839 2669 sed
871 2606 968 2686 priori
1001 2607 1080 2670 adeo
1115 2608 1290 2690 proximus

158 2694 194 2754 ut
218 2692 351 2767 nescias,
377 2691 581 2772 propriisneb
603 2690 745 2754 ambulet
762 2714 802 2754 an
820 2691 986 2755 Ovidianis
1009 2691 1154 2774 pedibus.
1193 2692 1291 2757 Here-

158 2775 278 2840 bordus
310 2782 417 2839 noster
447 2778 538 2839 floret
562 2777 594 2839 in
623 2777 822 2840 nobilissima
857 2779 968 2859 patria.
1015 2777 1123 2860 Nuper
1157 2783 1291 2843 ornatus

157 2869 206 2926 est
229 2884 312 2926 nora
336 2863 503 2943 dignitate.
528 2862 632 2925 faetus
656 2863 776 2926 scilicet
800 2863 946 2944 publicus
970 2864 1145 2927 advocatus
1170 2865 1228 2942 vel,
1254 2871 1289 2929 ut

156 2971 266 3030 graece
290 2948 411 3030 loquar,
435 2937 599 3030 πρόδικος
623 2949 687 3010 sive
711 2940 846 3023 iudanos,
870 2949 968 3012 latine
991 2971 1063 3013 vero
1094 2950 1156 3013 dici
1186 2955 1292 3032 potest

156 3035 269 3097 tuendi
308 3033 426 3115 publici
461 3035 541 3115 juris
580 3035 735 3110 arbiter,⁰
773 3039 927 3114 patronus
965 3043 1105 3113 senatus,
1142 3036 1290 3101 defensor

157 3120 350 3203 reipublicae
374 3125 407 3182 et
429 3127 465 3183 ut
488 3120 583 3200 vulgo
605 3120 745 3201 jactatur
768 3119 904 3199 Magnus
928 3119 1094 3202 Syndicus.
1140 3122 1291 3187 Pulcher-

157 3206 256 3268 rimus
287 3205 411 3276 titulus,
441 3206 502 3268 nisi
530 3206 724 3287 praesideret
755 3206 962 3287 perturbatae
993 3209 1124 3271 civitati.
1171 3208 1291 3273 lloctus

152 3291 280 3373 juvenis
303 3296 335 3353 et
358 3292 463 3353 audax
488 3298 520 3353 et
544 3292 644 3353 nostri
668 3291 917 3367 amantissimus
941 3293 1036 3375 paulo
1057 3293 1290 3366 antedouatus

156 3378 305 3459 primaria
339 3378 532 3457 professione
560 3377 640 3457 juris
663 3379 827 3458 pontificii.
876 3378 1014 3459 Arljuvat
1047 3401 1117 3442 eum
1150 3379 1290 3444 familiae

157 3463 293 3536 claritas,
319 3469 450 3544 paterna
472 3464 582 3544 gloria,
613 3463 762 3542 splendor
786 3465 862 3527 recti
887 3465 993 3527 studii.
1040 3465 1190 3528 liobanus
1217 3487 1289 3530 coa·

156 3548 228 3611 lesti
251 3549 379 3629 ingenio
403 3550 565 3630 praeditus
590 3550 819 3611 mansuetiores
842 3549 950 3612 Musas
975 3551 1180 3631 popularibus
1196 3573 1290 3615 orna·

157 3635 273 3697 mentis
296 3635 464 3714 anteponit
488 3640 518 3696 et
542 3633 675 3697 solidam
706 3656 952 3716 mansuramque
968 3636 1096 3714 famam,
1114 3658 1176 3700 non
1194 3639 1291 3702 unius

156 3720 298 3783 civitatis
320 3720 519 3783 rumusculos
543 3724 731 3800 arrcupatur.
778 3719 854 3783 Uter
878 3743 984 3783 eorum
1009 3721 1169 3786 laudatior
1191 3725 1235 3786 sit
1258 3729 1291 3787 et

155 3806 377 3886 praestantior,
400 3806 448 3868 tui
472 3808 515 3867 sit
541 3805 662 3886 judicii.
709 3804 775 3885 Ego
808 3806 965 3869 ambobus
995 3809 1164 3888 propitium
1195 3807 1289 3872 deum

156 3895 188 3954 et
210 3913 360 3972 prospera
383 3892 584 3972 secumlaque
609 3912 797 3970 coruprecor.
846 3891 942 3969 Digni
960 3899 1035 3954 sumt
1051 3894 1144 3967 enim,
1169 3895 1290 3974 quibus

156 3977 270 4038 laetior
293 3975 421 4038 fortuna
446 3984 597 4057 perpetuu
621 3977 748 4056 aspiret.
789 3977 989 4057 Quamquam
1007 3979 1168 4042 causidico
1186 3982 1290 4061 magis

155 4063 297 4125 timenda
319 4063 361 4124 sit
385 4084 479 4142 quam
512 4068 623 4143 poetae
651 4061 749 4123 ultrix
778 4064 986 4142 superborum
1025 4064 1099 4127 diva
1134 4063 1288 4129 Nemesis.

155 4146 240 4210 Bene
264 4146 370 4210 valeas
394 4153 425 4209 et
448 4170 466 4208 a
489 4148 548 4209 fori
572 4148 695 4209 artibus
713 4147 915 4228 probitatem,
932 4149 973 4211 ab
991 4149 1150 4213 illiteratis
1167 4150 1290 4215 tabulis

155 4233 286 4295 latinam
321 4233 512 4313 elegantiam
548 4255 622 4295 rave
659 4232 817 4314 sejungas.
874 4234 909 4296 ld
939 4236 1039 4315 ipsum
1068 4236 1107 4298 ad
1137 4236 1291 4301 instituta

156 4318 229 4382 boni
264 4318 332 4394 viri,
368 4319 444 4381 boni
480 4319 783 4398 scribae'pertinot.
831 4320 1001 4383 Facturum
1036 4322 1112 4384 solu.
1157 4320 1233 4386 Ideo
1257 4327 1290 4386 te

153 4455 359 4465 ——0

222 4519 311 4572 alsus
330 4535 369 4572 ue.
441 4524 454 4560 b
471 4520 582 4586 propriis
601 4536 641 4572 ne.
712 4521 855 4584 carbitror,
877 4520 1012 4572 rerbesscrt
1032 4521 1062 4572 iu
1079 4521 1182 4575 arbiter.

196 4588 405 4708 f¹Brziclmng
430 4590 476 4640 aut
492 4589 567 4640 cinon
596 4604 644 4640 rou
671 4587 818 4657 t'arupogus
845 4589 1031 4657 emplangouou
1059 4588 1137 4642 Briel.
1174 4589 1217 4644 Br.
1236 4591 1290 4645 412

153 4661 262 4726 Arraug.
