2774 4966
610 30 626 65 ’1

619 72 624 85 Ι

418 29 1380 293 -

173 612 235 676 364
583 613 669 667 Briefe
686 612 732 667 dee
749 613 775 669 J.
796 614 868 670 1513.

176 788 208 847 et
229 783 322 848 simul
345 787 381 847 ut
404 784 470 848 dixi
495 790 599 850 motus
621 786 806 849 vicariorum
836 786 991 850 instanter
1012 790 1044 851 et
1065 787 1202 867 graviter
1228 787 1287 853 im·

174 874 309 952 portuno
339 871 464 952 querela
492 872 721 935 stimulantium
751 872 893 954 acquievi
926 873 1123 937 consensioni
1154 876 1287 938 vestrae.

175 955 251 1019 Post
272 956 305 1018 in
328 955 426 1020 literis
456 958 520 1021 tuis
550 958 682 1040 exponis
704 963 736 1021 te
759 958 790 1020 id
814 959 914 1040 ipsum
943 958 1074 1021 sentire:
1103 980 1170 1022 esse
1193 959 1287 1024 Dith·

172 1063 292 1105 marum
322 1042 508 1107 nebulonem
537 1050 568 1106 et
598 1043 737 1125 planum,
768 1047 958 1107 structurum
989 1045 1056 1108 sine
1086 1066 1143 1108 suo
1166 1045 1287 1110 incom-

174 1127 277 1202 modo,
302 1127 420 1192 locasse
443 1133 474 1192 te
497 1129 622 1193 domum
647 1130 750 1194 minus
773 1129 914 1193 libenter.
959 1129 1000 1194 Et
1027 1131 1120 1213 paulo
1148 1137 1223 1195 ante
1251 1131 1285 1195 in

172 1213 243 1277 aliis
267 1213 374 1290 literis,
398 1215 514 1297 quibus
536 1221 752 1298 repraesentes
775 1214 846 1279 Rufi
870 1214 1135 1298 chirographum,'
1156 1216 1200 1296 ,si
1216 1216 1284 1295 tu“,

174 1299 288 1381 inquis
315 1322 394 1380 ,non
419 1301 609 1382 probaveris
633 1301 709 1364 nihil
733 1301 810 1364 haec
833 1300 955 1364 sunto.“
1000 1301 1072 1378 Sed,
1089 1301 1130 1364 mi
1146 1301 1281 1380 Urbane,

173 1386 247 1466 quid
282 1385 455 1449 iaciemus?
500 1387 587 1462 Quod
612 1410 629 1448 a
652 1392 683 1450 te
716 1388 807 1468 quasi
840 1387 1021 1450 solemniter
1053 1392 1177 1468 gestum
1213 1389 1284 1465 fuit,

171 1493 239 1535 meo
270 1472 386 1553 scripto
418 1473 577 1540 ratificavi,
609 1474 667 1536 etsi
699 1474 843 1554 privatim
872 1474 910 1536 ad
940 1478 971 1535 te
1001 1475 1149 1536 scribens.
1194 1472 1286 1538 Nunc

173 1557 271 1639 major
294 1562 325 1619 et
347 1558 448 1620 minor
483 1558 698 1640 Someringus²
728 1559 830 1629 aliam,
860 1565 895 1621 ut
919 1559 1013 1634 vides,
1045 1561 1181 1623 offerunt
1209 1581 1284 1623 con-

173 1643 332 1706 ditionem.
380 1643 514 1707 Evidens
537 1645 680 1725 aequitas
703 1644 792 1708 elidit
815 1646 898 1727 pacti
920 1644 1080 1708 solemnia.
1126 1645 1160 1709 Si
1177 1651 1283 1710 tamen

171 1750 208 1792 ea
232 1728 367 1792 debeant
393 1751 461 1792 esse
484 1734 561 1807 rata,
592 1752 672 1811 quae
704 1730 786 1793 inter
809 1752 863 1793 vos
886 1731 1060 1812 pepigistis,
1092 1730 1168 1795 nihil
1195 1735 1284 1796 muto

174 1819 206 1877 et
228 1815 362 1878 haerebo
385 1819 486 1879 tecum
511 1817 542 1879 in
566 1816 673 1879 eadem
690 1816 821 1880 salebra.
868 1814 987 1897 Sequar
1002 1820 1091 1879 tuum
1109 1816 1284 1881 arbitrium.

172 1899 206 1964 Si
229 1901 341 1982 placet,
365 1901 506 1978 subveni,
531 1902 579 1965 sin
602 1901 756 1985 displicet,
780 1922 868 1982 nega.
912 1901 977 1984 Ego
1001 1908 1087 1966 nuto.
1132 1902 1283 1967 Neutrum

173 1986 203 2048 in
228 1992 345 2069 partem
374 1988 501 2050 inclino.
546 1987 702 2051 Nebuloni
736 2008 797 2051 uon
828 1987 925 2050 faveo
973 1987 1100 2051 Vicariis
1134 1988 1285 2062 cederem,

171 2072 231 2137 nisi
255 2072 384 2155 maligni
409 2077 523 2136 essent.
568 2071 751 2137 Cotionnm⁸
779 2075 879 2137 amico
910 2096 1089 2150 annuerem,
1120 2077 1145 2137 si
1179 2079 1285 2156 posset

170 2179 234 2222 rem
269 2158 441 2222 defendere.
488 2159 593 2235 Quid?
628 2182 730 2223 noune
764 2162 862 2222 satius
894 2166 976 2223 esset
1005 2182 1113 2243 parum
1144 2162 1284 2241 accipere

172 2266 265 2326 quam
289 2247 416 2309 omuino
441 2245 541 2308 nihil?
584 2245 736 2309 Permitto
759 2250 861 2309 totum
890 2247 1050 2328 negotium
1080 2251 1135 2309 tuo
1166 2246 1283 2321 studio,

172 2335 246 2395 tuae
268 2331 349 2407 fidei,
380 2339 452 2396 tuae
484 2331 637 2396 solertiae.
683 2331 775 2413 Eripe
809 2332 922 2395 nubem
955 2333 1037 2395 hanc
1071 2331 1165 2410 mihi;
1200 2334 1284 2414 quod

171 2417 273 2493 datur,
296 2418 410 2500 accipe.
459 2417 573 2482 Amicis
590 2419 759 2483 carissimis
775 2423 897 2500 gratum
915 2416 1021 2495 facitu,
1037 2420 1065 2481 si
1080 2419 1146 2481 lieri
1168 2425 1283 2500 potest.

171 2503 223 2567 Vir
254 2527 286 2568 es
315 2504 355 2567 ad
385 2504 580 2586 procuranda
613 2505 821 2585 obeundaque
853 2510 947 2567 natus
980 2505 1108 2586 negotia
1141 2513 1173 2567 et
1205 2505 1284 2567 satis

172 2591 371 2654 exercitatus.
416 2591 583 2654 Hortatore
611 2612 672 2654 non
702 2613 775 2672 eges
802 2613 902 2672 neque
930 2590 1103 2653 calcaribus
1130 2595 1202 2672 eget
1228 2594 1285 2654 tua

173 2675 337 2758 diligentie
359 2698 461 2758 neque
484 2678 619 2740 testibus
650 2698 737 2740 amor
768 2681 881 2739 noster.
926 2675 987 2739 Sed
1020 2676 1096 2738 haec
1131 2675 1284 2740 hactenus

171 2763 208 2826 de
246 2764 343 2826 literis
380 2762 539 2827 hodiernis
577 2763 719 2842 magistri
760 2761 960 2841 801001101ςί.ι
1020 2762 1144 2825 Adsunt
1187 2763 1283 2825 etiam

174 2848 330 2931 Spalatini
355 2848 462 2912 literae
484 2849 576 2911 hodic
600 2849 674 2911 mihi
699 2847 847 2924 redditae,
872 2848 1047 2928 dequibus
1071 2870 1153 2910 nunc
1184 2870 1284 2930 pauca

171 2936 282 2999 dicam.
326 2935 433 2998 Bonus
466 2936 512 2997 vir
543 2937 622 3016 petit
652 2940 684 2997 et
714 2942 818 3015 sperat
847 2942 881 2997 ut
913 2935 966 3014 qui
998 2935 1132 2996 maxime
1163 2939 1194 2996 et
1225 2935 1284 2996 im-

171 3021 409 3105 patientissime,
443 3021 648 3102 dignissimus
683 3043 718 3084 eo
754 3021 831 3102 ipsc,
864 3020 947 3102 quod
982 3025 1045 3083 tam
1081 3019 1184 3095 anxie,
1219 3025 1281 3083 tam

174 3106 316 3185 sollicite,
340 3112 403 3171 tam
422 3108 475 3171 diu
491 3108 606 3170 frustra
622 3107 703 3189 petit
717 3112 749 3169 et
764 3112 876 3188 sperat.
916 3105 949 3169 Si
965 3105 1097 3168 solidum
1114 3105 1283 3169 Nitbardo⁵

171 3216 351 3258 numerares
384 3199 417 3257 et
449 3194 582 3256 amicum
616 3193 732 3256 faceres
768 3194 833 3255 voti
869 3196 1052 3274 compotem,
1092 3197 1215 3271 gratnm
1252 3192 1283 3255 id

171 3280 257 3357 mibi,
281 3281 343 3343 imo
358 3280 538 3361 gratissimo
561 3280 690 3358 gratius.
728 3278 794 3360 Ego
811 3277 888 3340 nihil
905 3278 972 3339 auri
990 3278 1142 3340 custodio.
1181 3277 1284 3341 Testis

171 3366 248 3430 mihi
272 3367 357 3441 deus,
387 3367 413 3428 si
440 3365 595 3442 haberem,
630 3368 741 3446 sponte
773 3385 840 3426 mea
872 3362 1048 3444 proferrem.
1095 3362 1180 3426 lldeo
1212 3385 1284 3426 cara

171 3452 309 3534 dignitas
325 3452 495 3514 amicorum
513 3455 573 3514 est:
597 3472 731 3521 oramus,
749 3449 947 3512 obsecramus
971 3449 1175 3511 concorditer.
1214 3447 1283 3512 Nou

170 3539 304 3619 impello,
339 3560 400 3601 uon
436 3537 574 3613 stimulo,
607 3557 667 3599 non
703 3558 816 3617 premo,
852 3536 904 3598 secl
940 3557 994 3597 oro
1027 3540 1058 3597 ct
1089 3535 1217 3598 obscero
1253 3539 1285 3598 et

171 3625 303 3707 supplex
341 3624 472 3707 imploro
509 3627 598 3685 tuum
632 3621 815 3685 subsidium.
873 3622 997 3683 Certum
1033 3623 1092 3682 erit
1125 3625 1285 3695 mutuu1u3

171 3711 320 3792 quicquid
344 3710 389 3773 illi
412 3709 589 3782 accreverit,
620 3708 677 3770 tibi
701 3708 869 3770 accreverit
892 3711 924 3769 et
946 3708 1023 3768 satis
1053 3706 1157 3787 procul
1188 3708 1284 3771 dubio

172 3794 290 3860 faciet.⁸
350 3796 393 3859 De
431 3794 567 3870 Schelle,
610 3794 828 3873 ludimagistro
866 3789 1113 3868 Hersfeldiensi,⁷
1158 3791 1285 3856 homine

172 3882 320 3958 Lotiano,
344 3882 477 3963 superbo
501 3886 532 3944 et
554 3885 659 3962 aperte
683 3880 773 3954 malO,
797 3878 896 3941 dicam
914 3878 1001 3941 alias.
1039 3878 1162 3940 Interea
1178 3879 1285 3942 literas

170 4065 372 4074 —.—.——-

243 4173 328 4241 ¹Vgl.
347 4173 371 4225 S.
391 4171 440 4225 3112
458 4173 488 4224 Α.
507 4172 530 4222 2,
584 4169 669 4237 tl'gl.
688 4168 714 4222 S.
733 4170 781 4220 317
801 4170 830 4220 A.
851 4171 872 4220 1.
901 4167 959 4235 Vgl.
978 4166 1036 4234 lolg.
1057 4166 1081 4220 S.
1102 4168 1131 4218 A.
1150 4166 1173 4218 8.
1229 4164 1282 4218 ³8.

172 4244 270 4296 2391.
290 4247 314 4293 tl.
377 4239 519 4292 ⁴blinoris.
582 4238 667 4305 ll'gl.
687 4236 710 4289 S.
730 4239 776 4290 3111
798 4240 827 4289 A.
848 4240 868 4288 1.
932 4236 1018 4303 ⁰Vgl.
1038 4237 1151 4301 <lugerem
1170 4233 1287 4287 llutiuns

172 4313 221 4365 liat
239 4312 263 4362 in
283 4311 324 4363 ΒΥ.
345 4311 403 4363 23¹2.
474 4309 482 4339 ²
501 4308 548 4360 Fan
567 4307 639 4359 Briol
654 4307 700 4358 des
718 4307 741 4357 l.
763 4308 827 4359 1514
845 4306 899 4372 (Nu.
920 4305 980 4370 356)
1005 4312 1084 4356 neunt
1100 4305 1145 4355 ihn
1164 4302 1284 4356 Schalhs.

172 4383 205 4434 So
218 4381 283 4433 auch
298 4380 339 4431 die
350 4380 400 4431 Eri.
414 4377 487 4429 llatr.
502 4394 523 4428 a.
546 4379 616 4429 1503.
637 4376 887 4443 (ll'eissenborn.
908 4375 990 4426 Alteri
1010 4374 1041 4435 ll,
1061 4374 1135 4437 232);
1157 4372 1285 4424 llcnricus

173 4448 285 4503 Schatlis
305 4451 337 4511 (2.
357 4445 489 4500 bletrikol:
508 4445 628 4514 Schallis)
648 4447 679 4497 de
698 4444 856 4496 llirssleldia.
888 4444 934 4494 Dio
955 4442 1030 4494 Notiu
1049 4443 1113 4493 iiber
1131 4442 1171 4492 dic
1191 4441 1284 4493 iveruits

174 4520 239 4572 1:313
258 4534 307 4570 von
326 4517 440 4584 Spalatin
451 4532 477 4566 rn
490 4515 590 4582 Angrih
605 4530 775 4582 genonrmene
793 4512 947 4565 Bearbcitun
958 4528 966 4547 r
977 4511 1022 4561 dor
1032 4511 1115 4562 stichs.
1128 4509 1284 4562 (ieschichte

169 4587 204 4640 ist
221 4586 389 4640 Seelheim
410 4586 449 4655 ((1.
468 4581 536 4653 Spal.
555 4583 594 4637 als
611 4583 694 4636 sdchs.
715 4581 917 4649 Historiograph.
1003 4594 1017 4630 e
1037 4580 1112 4647 isto)
1136 4577 1286 4630 unbekannt

168 4655 313 4727 geblieben.
