2774 4966
164 612 228 681 336
579 612 667 667 ariera
684 614 731 669 aas
748 613 773 671 J.
793 611 866 673 rma

169 808 251 870 quae
274 788 421 871 scripturi
449 808 558 852 sumus
581 787 621 852 ad
643 793 675 852 te
697 792 818 870 patrem
846 788 1027 867 amandum,
1053 788 1189 853 amioum
1216 787 1287 853 dul·

169 875 338 947 cissimum,
372 874 471 937 virum
502 879 715 957 praestantem
751 874 825 937 boni
861 874 1016 938 consulas.
1060 873 1170 956 Neque
1202 875 1286 939 enim

168 959 248 1023 male
280 961 393 1036 sentin,
431 961 484 1023 sed
518 968 622 1024 tecum
652 961 698 1023 ita
726 960 836 1041 loquor
864 966 901 1023 ut
928 981 1058 1024 mecum.
1104 960 1205 1024 Hodie
1237 983 1288 1024 me

166 1046 319 1110 salutavit
346 1045 524 1109 lllusardus'
551 1051 582 1110 et
605 1047 716 1109 mirum
746 1046 921 1111 eandorem.
955 1047 1064 1109 miram
1099 1047 1286 1110 modestiam

165 1154 240 1215 prae
273 1154 306 1195 se
341 1132 423 1195 tulit.
482 1132 543 1195 Sed
578 1134 649 1213 quis
683 1137 790 1215 potest
822 1131 945 1196 duobus
978 1133 1113 1195 dominis
1147 1132 1287 1196 servire?

167 1217 253 1295 Quae
283 1219 461 1282 communio
498 1218 576 1281 lucis
609 1223 641 1282 et
671 1218 895 1282 tenebrarum?
939 1217 1096 1282 Adhaeret
1130 1218 1284 1283 Lotianis.
1367 1282 1374 1297 ‚

165 1303 291 1368 Latium
317 1305 412 1386 elegit
434 1305 465 1365 in
489 1293 699 1386 μυσταγωγόν
722 1304 751 1367 h.
776 1327 801 1368 e.
825 1308 992 1368 astantem.
1038 1303 1237 1369 Sacrifioabit
1252 1305 1284 1368 in

167 1391 267 1473 prima
300 1390 351 1453 die
385 1389 469 1454 Solis
503 1398 575 1470 post
608 1391 688 1453 diem
726 1386 890 1454 Bernardi²
924 1391 1058 1454 vestitus
1084 1413 1103 1453 a
1130 1388 1285 1455 Βιιτοιιὶο8

166 1477 299 1557 egregie.
345 1476 463 1539 Damus
485 1475 639 1539 Reuchlin
669 1477 788 1558 grande
817 1481 999 1555 argenteum
1029 1477 1193 1553 nomisma,
1222 1498 1284 1539 non

166 1568 272 1627 tamen
316 1561 392 1624 illud
438 1560 635 1625 maximurn.‘
695 1562 805 1644 ltaque
841 1563 934 1625 fidem
969 1563 1105 1626 cursoris
1142 1563 1283 1644 explora.

165 1648 291 1713 Scribat
316 1648 467 1729 Petrejua
502 1647 569 1727 Ego
592 1648 685 1731 plane
712 1655 743 1711 et
772 1648 956 1730 simpliciter·
982 1649 1096 1717 scribo,
1125 1654 1160 1711 ut.
1184 1649 1285 1729 magis

164 1756 302 1798 amorem
337 1756 430 1816 quarn
465 1733 652 1814 elegantiam
689 1734 809 1816 probet.
854 1734 929 1797 Vale
959 1741 990 1799 et
1018 1735 1070 1799 ‹liu
1102 1734 1180 1798 bene
1204 1735 1282 1798 vive.

162 1820 220 1884 Die.
243 1820 454 1901 lllagdalenes.

315 1919 377 1973 Cod.
395 1919 461 1972 Fret.
481 1919 539 1971 324.

162 2107 276 2177 (uolua.)
684 2093 756 2158 273.
1113 2107 1178 2176 (mu
1197 2109 1283 2177 1513.)

536 2217 680 2288 Mutian
701 2240 751 2289 an
773 2218 911 2290 llrlran.

163 2346 271 2413 (Urbnn
287 2347 333 2398 liat
350 2345 398 2397 den
417 2344 613 2400 Haueeonrraut
630 2348 695 2416 jeta!
713 2348 743 2399 dn
762 2346 881 2406 lllrrulon,
904 2345 990 2398 domat
1007 2346 1053 2398 der
1070 2345 1131 2399 Bou
1156 2345 1283 2415 lreyinrmr

163 2417 243 2469 rann
281 2415 323 2468 Do
348 2414 383 2466 M.
406 2415 479 2467 doro
502 2415 562 2468 lrer'n
589 2416 653 2469 dero
674 2417 727 2479 lmt,
749 2434 778 2469 eo
802 2416 857 2469 aiu
877 2433 905 2467 er
928 2416 977 2468 dna
995 2414 1072 2467 Hatra
1089 2432 1127 2467 nn
1144 2415 1283 2468 Mater-rma

162 2485 223 2537 oder
249 2485 292 2537 dia
324 2483 419 2538 isira—re
443 2501 520 2552 pegma
543 2485 582 2536 20
607 2486 647 2538 (Η.
670 2486 717 2552 sii-r
735 2486 830 2538 imrrmr
847 2484 943 2537 oder?
964 2484 1003 2536 (ll.
1015 2484 1134 2551 jr'r'lrrlr'elr
1160 2485 1281 2546 obtreten,

316 2570 388 2605 irena
406 2570 461 2605 uro·
478 2554 546 2607 reurlr
564 2554 711 2608 Moternan'
734 2555 795 2608 Tude
811 2554 898 2606 aer'rrer
912 2553 1019 2621 pertnent
1042 2553 1128 2613 erint.)

237 2667 278 2716 ut
297 2666 420 2717 domino
439 2670 470 2718 et
487 2669 572 2728 patri
588 2669 678 2720 nobie
696 2670 879 2720 amicissimo
898 2672 929 2718 et
946 2679 1096 2728 perquam
1114 2666 1205 2717 doato

300 2753 341 2804 Η.
360 2753 498 2813 Urbano,
516 2767 681 2806 oeconomo
699 2759 732 2806 et
749 2756 932 2816 presbytero
952 2750 1006 2820 (M.
1023 2749 1146 2818 Rufus).

264 2862 296 2928 S.
342 2865 426 2941 Quas
449 2867 594 2947 praeterii
616 2866 742 2931 tabulas
772 2867 896 2930 aedium
926 2866 1032 2929 nescio
1059 2885 1124 2945 qua
1151 2864 1281 2942 incuria,

162 2970 254 3027 nuno,
293 2949 428 3029 Urbane,
461 2952 551 3016 dulce
580 2954 675 3018 decus
702 2975 816 3031 meum,
845 2950 952 3029 habes,
983 2956 1018 3015 ut
1050 2950 1168 3015 amussi
1201 2949 1283 3031 lapis

161 3034 345 3118 applicetur.
391 3037 461 3101 Non
491 3044 541 3102 est
569 3046 684 3117 autem,
709 3047 745 3103 ut
766 3045 799 3103 te
821 3043 996 3102 currentem
1024 3042 1060 3100 ut
1088 3037 1202 3101 dicitur
1233 3039 1282 3099 in·

162 3124 266 3195 uitem.
290 3129 469 3206 promptum
488 3125 564 3188 mihi
579 3126 752 3208 providere,
768 3125 853 3208 quod
869 3130 917 3188 est
933 3124 996 3187 veri
1013 3124 1112 3207 patris
1127 3122 1277 3186 officium.

161 3206 221 3284 Qui
245 3211 327 3272 eninr
350 3210 427 3274 talia
450 3217 601 3292 praestat,
625 3233 706 3294 quae
728 3217 763 3276 tn
788 3211 874 3285 milri,
899 3232 990 3273 verus
1013 3214 1101 3291 pater
1124 3215 1157 3272 et
1171 3206 1280 3271 haberi

161 3301 193 3357 et
215 3295 276 3358 dici
307 3300 420 3378 potest.
469 3296 529 3360 Fac
552 3298 657 3379 igitur,
682 3304 718 3361 ut
740 3298 788 3361 vel
819 3303 875 3361 tua
901 3298 997 3360 unius
1024 3318 1118 3379 opera
1147 3294 1195 3357 vel
1225 3296 1281 3358 ad-

159 3379 265 3462 jutore
288 3382 521 3462 Engelmanno⁸
545 3384 656 3447 domus
679 3384 841 3447 alienetur.
887 3382 1084 3465 Quamquam
1108 3377 1281 3444 Duroniue‘

160 3469 423 3533 recorminnaturo
447 3469 539 3532 nobis
562 3471 655 3534 aedes
678 3472 840 3534 materiam
868 3471 1021 3551 promisit.
1067 3467 1128 3531 Sed
1157 3467 1282 3530 reficere

161 3559 203 3629 et,
228 3561 263 3618 ut
287 3554 440 3636 Ulpianus
474 3556 587 3638 inquit,
620 3558 705 3637 quod
740 3562 920 3638 corruptum
955 3564 1012 3629 est,
1047 3555 1079 3617 in
1112 3555 1281 3636 pristinum

164 3645 283 3704 statum
316 3638 471 3720 reducere,
502 3647 719 3725 sumptuosum
744 3649 776 3706 et
798 3663 947 3724 pergrave
970 3649 1027 3704 est.
1072 3640 1183 3722 ltaque
1215 3640 1282 3702 sive

160 3724 336 3790 Maternus⁷
359 3726 418 3789 XX
440 3749 551 3791 aureos
582 3730 648 3791 sive
675 3729 860 3792 vicariorum
892 3728 968 3791 ordo
999 3727 1078 3790 duos
1109 3725 1281 3807 quotannis

160 3815 454 3895 repraesentaverit,
489 3814 658 3879 dummodo
693 3822 764 3896 post
797 3816 921 3878 obitum
956 3813 1091 3876 Materni
1128 3833 1281 3875 memores

80 3995 82 4000 .
233 3949 444 4003 ¹s.‘212n.o.
516 3948 678 4003 'Benrlrard
696 3950 736 4004 20.
761 3952 841 4017 Aug.;
864 3950 910 4001 der·
932 3948 991 4016 fulg.
1017 3947 1131 4015 Sonntag
1157 3962 1212 3999 war
1236 3946 1282 3999 der

163 4018 204 4073 21.
276 4018 433 4070 ³ll0rAbt.
453 4016 478 4070 S.
500 4017 547 4071 108
565 4021 595 4073 Α.
616 4021 638 4071 1.
709 4017 865 4072 ⁴Reuchlin
885 4015 1280 4070 dnnktfd1·diesollliinzenm

160 4087 200 4141 22.
219 4089 285 4155 Aug.
322 4087 380 4139 Gai
410 4103 451 4152 or,
470 4085 499 4141 R.
519 4086 622 4140 Bneln:
641 4087 666 4141 S.
688 4089 743 4141 194.
779 4087 893 4141 Matium¹
915 4087 957 4138 ΒΓ.
983 4102 1016 4138 nn
1040 4086 1070 4137 ll.
1097 4086 1132 4137 ist
1149 4085 1223 4137 nieht
1240 4099 1281 4135 er·

161 4155 259 4210 hulten.
295 4157 372 4208 Aur-li
387 4104 509 4222 l'etrojus
527 4173 552 4208 n.
571 4156 660 4210 Urban
679 4157 788 4210 sandten
805 4157 840 4209 im
861 4160 926 4223 Aug.
945 4154 1031 4207 Brielo
1043 4170 1076 4207 aa
1088 4153 1126 4217 R..
1137 4170 1187 4206 ron
1197 4154 1281 4205 denen

161 4226 208 4277 dor
220 4224 326 4277 lotatero
336 4226 361 4276 in
375 4225 459 4277 dieser
469 4225 628 4294 Nannnlung.
641 4225 686 4280 Νι.
695 4226 751 4280 291.
771 4226 887 4293 tleiger
899 4227 924 4278 S.
937 4225 992 4278 191.
1029 4223 1141 4275 bMutua.
1156 4221 1281 4274 litte-heu·

164 4295 271 4346 meister·
289 4297 324 4357 (S.
344 4295 394 4347 206
411 4297 441 4349 Α.
461 4296 496 4357 2),
514 4295 561 4347 dor·
577 4297 626 4347 nn
647 4294 738 4347 Urbnn
755 4295 797 4347 dio
815 4292 1086 4362 liausnngelegonlreit
1102 4292 1193 4359 regelt.
1221 4290 1280 4359 Vgl.

164 4362 207 4417 Br.
229 4364 286 4416 225.
356 4364 437 4416 “ller
460 4365 519 4419 Aut.
543 4364 569 4418 S.
590 4366 638 4418 lot
660 4367 691 4418 A.
713 4368 734 4416 l.
786 4356 815 4396 ’ἵ
834 4363 967 4416 Maternus
989 4362 1117 4414 l'istorius
1146 4378 1195 4414 ron
1219 4360 1280 4427 lng-

160 4432 256 4487 weilor:
275 4433 300 4488 S.
319 4433 335 4484 tl
354 4438 384 4486 A.
403 4435 427 4484 4.
463 4433 498 4486 Er·
515 4434 591 4485 sollte
608 4434 634 4485 in
653 4433 769 4486 Matiane
793 4432 866 4485 llaus
890 4432 965 4484 aiolrn
989 4432 1051 4483 odor
1076 4432 1233 4497 n'onigstens
1252 4445 1280 4481 os

158 4501 353 4559 tibernelnnon;
378 4502 444 4555 noch
462 4503 561 4554 soiuem
579 4502 647 4555 Todo
665 4503 727 4555 oliui·
744 4502 831 4554 wollto
848 4502 906 4554 sicli
924 4501 958 4555 ll.
978 4501 1029 4552 don
1047 4499 1191 4552 lleaitztitol
1221 4514 1280 4549 vor·-

161 4570 288 4624 lrelralton.
330 4572 364 4624 Ea
391 4573 479 4623 nunde.
504 4572 599 4637 jednolr
626 4570 685 4624 bald
709 4571 751 4623 oin
774 4570 938 4623 Ablornnron
965 4571 1012 4622 ruit
1039 4570 1123 4622 oirmnr
1151 4568 1280 4637 gairnein

159 4638 279 4693 Diotrnar·
295 4641 428 4709 gonoffon.
463 4640 521 4708 l'gl.
542 4642 591 4693 den
610 4639 654 4695 Br.
673 4657 698 4694 ι’.
718 4640 741 4693 7.
759 4642 826 4708 Aug.
845 4639 890 4693 Νι.
910 4639 967 4694 282.
1244 4646 1247 4651 ’
