2774 4966
544 656 648 717 Mutian
666 679 700 716 an
719 661 818 717 Urban.
1178 664 1240 728 287

119 832 187 901 lmo
208 838 280 899 uter
304 830 347 898 sit
368 832 505 913 stultior,
538 835 733 917 ambiguum.
779 833 886 897 Credit
916 834 1029 897 doctus
1059 833 1180 899 insulso
1210 839 1243 899 et

121 923 220 998 fatuo,
243 927 275 984 et
297 921 371 984 dum
407 923 476 1003 pius
511 942 578 984 esse
611 922 681 984 vult
709 922 740 983 in
771 941 854 993 suos,
884 920 921 983 fit
943 920 975 982 in
999 927 1098 983 semet
1130 921 1242 985 hostia.

121 1010 234 1072 Annon
260 1008 302 1070 sit
325 1007 426 1071 hostis
449 1007 492 1070 rei
513 1029 599 1072 suae.
618 1008 671 1088 qui
689 1028 752 1069 non
769 1007 889 1088 patitur
905 1028 1066 1069 nummum
1086 1007 1115 1069 in
1132 1008 1244 1071 loculis

121 1094 305 1176 quiescere?
363 1093 546 1157 admonebo
581 1102 612 1154 et.
645 1092 841 1174 extorquebo
876 1094 1051 1174 pecuniam.
1097 1093 1163 1157 Nisi
1195 1116 1244 1157 res

120 1187 205 1244 esset
241 1178 339 1242 ardua
372 1185 404 1241 et
439 1179 584 1241 remediis
622 1179 787 1259 indigeret,
825 1178 1035 1241 condonarem
1069 1179 1099 1240 id
1134 1181 1243 1262 culpae

122 1265 288 1349 Spaletiuo
311 1265 404 1328 etde
427 1285 476 1326 me
496 1264 649 1345 judiciuin
675 1264 818 1327 facerem.
864 1263 933 1326 Non
951 1265 1033 1327 enirn
1051 1265 1155 1329 minus
1173 1288 1241 1330 sum

121 1373 240 1436 pauper
277 1373 371 1433 quarn
413 1350 475 1426 ille,
510 1352 568 1412 etsi
603 1357 727 1412 sumtus
761 1357 792 1413 et
825 1351 984 1431 impensas
1017 1351 1109 1430 longe
1143 1353 1244 1432 magis

124 1437 315 1501 necessarias
348 1436 438 1498 facio.
484 1434 600 1498 Victito
624 1437 718 1509 domi,
749 1458 813 1499 nou
843 1436 934 1498 aulae
965 1458 1103 1499 mensam
1139 1438 1242 1501 visito.

121 1524 253 1586 Eruendi
276 1529 351 1585 sunt
374 1521 466 1596 casei,
490 1528 603 1597 vestes,
627 1521 788 1602 butyrum
813 1544 922 1585 carues
939 1528 968 1585 et
985 1523 1111 1585 tandem
1129 1524 1244 1587 omnia.

121 1610 177 1673 llle
200 1609 303 1672 alieno
327 1608 397 1670 cibo
422 1607 509 1680 vivit,
541 1607 644 1670 alieno
676 1608 811 1671 vestitur
843 1629 949 1688 panno
971 1613 1003 1670 et
1026 1613 1130 1671 tamen
1166 1609 1243 1674 nihil

120 1695 256 1777 reponit,
288 1694 470 1776 praesertim
495 1714 565 1756 curn
590 1692 713 1756 natales
736 1693 802 1756 sint
824 1694 864 1755 ab
888 1692 1018 1756 infamia
1047 1694 1242 1759 redimendi'

120 1780 209 1854 Mihi,
243 1801 282 1843 ne
305 1781 450 1852 mentiar,
482 1779 588 1858 gravis
611 1778 648 1840 fit
671 1778 786 1859 injuria
819 1779 904 1858 apud
927 1779 1068 1843 Hessos.²
1112 1779 1243 1857 Evocor,

120 1866 275 1944 stimulor,
299 1866 393 1928 audio
416 1864 570 1947 querelae,
594 1864 739 1943 intelligo
763 1865 904 1927 convicia
921 1866 1143 1946 flagitantium.
1183 1867 1244 1931 Sed

121 1954 196 2036 qnia
219 1951 519 2032 deusomnipotens
542 1951 674 2013 aurinus
698 1951 795 2022 deest,
830 1972 923 2032 cogor
956 1952 1038 2014 intra
1069 1954 1243 2033 penetralia

122 2060 256 2102 manere.
303 2037 435 2118 Neptem
459 2057 560 2098 meam
584 2060 603 2099 a
626 2040 726 2099 matre
750 2039 871 2099 tutores
889 2039 997 2106 dativi,
1015 2040 1156 2118 potentia
1173 2039 1244 2102 freti

122 2124 308 2207 regentium,
339 2122 549 2196 abstulerunt,
579 2143 642 2185 nou
673 2126 739 2184 farn
771 2122 841 2202 jure
865 2128 896 2185 et
918 2124 1116 2186 humanitate
1150 2146 1244 2207 quam

121 2210 276 2274 bonorum
311 2209 430 2289 puellae
463 2208 609 2289 aucupio.
656 2206 734 2269 Nam
759 2213 791 2270 et
814 2229 876 2270 rem
901 2213 933 2272 et
955 2231 1117 2291 personam
1153 2232 1245 2275 occu·

122 2317 197 2378 pare
225 2295 337 2358 volunt
361 2300 392 2358 et
414 2293 540 2356 tandem
560 2314 654 2374 proco
671 2293 765 2356 alicui
782 2295 830 2355 sui
847 2296 1011 2375 sanguinis
1029 2297 1244 2376 virgunculam

122 2382 286 2445 collocare.
332 2380 433 2444 Mater
464 2379 525 2441 fert
555 2379 585 2441 id
617 2380 727 2459 iniquo
757 2380 872 2443 animo.
919 2380 979 2444 Sed
1011 2403 1092 2444 unus
1116 2403 1174 2463 ego
1196 2388 1246 2447 tot

122 2469 224 2536 tantis
247 2467 323 2529 viris
346 2468 400 2546 qui
424 2465 595 2528 resistam?
640 2464 780 2535 Turbare
802 2485 928 2547 possum
953 2471 1055 2530 totum
1085 2471 1244 2549 nogotium

123 2554 170 2616 vel
208 2552 384 2635 principum
422 2551 647 2614 intercessione
678 2551 725 2613 val
758 2551 820 2612 alia
850 2553 985 2627 vafritie,
1016 2553 1070 2615 sed
1101 2555 1248 2635 prodesse

123 2639 260 2703 mallem.
307 2637 347 2699 Et
379 2638 456 2700 haec
480 2643 527 2699 est
551 2638 660 2699 nativa
698 2637 833 2714 bonitas,
867 2660 961 2720 quarn
995 2641 1075 2701 aeris
1108 2640 1247 2705 defectus

125 2724 200 2788 facit
223 2725 477 2788 verecundiorem
503 2728 534 2785 ct
557 2723 648 2803 quasi
672 2722 821 2785 retardat.
869 2723 953 2786 liene
976 2725 1053 2788 vole.

278 2824 338 2875 Cod.
357 2823 423 2876 Frcf.
443 2822 501 2874 225.

124 3012 239 3081 (coena.)
359 2980 362 2986 ’
646 2995 717 3059 232.
1076 3015 1144 3082 (sni.
1164 3018 1249 3085 1513.)

499 3120 642 3189 llutian
666 3142 712 3190 an
736 3120 875 3190 Urban.

124 3253 189 3312 (Hal
208 3251 389 3316 Sir'nunerfupa
408 3251 526 3302 Antii-ort
544 3267 626 3317 trecen
645 3250 688 3302 des
707 3251 828 3318 Dv'plorns
846 3268 883 3302 on
903 3251 1028 3319 Spulmin
1043 3253 1178 3317 {Jenclrfelt
1191 3253 1248 3306 dem

130 3322 220 3375 l'rdrm
241 3321 329 3372 aricMs
353 3321 518 3388 rersmrclrcn
534 3321 590 3375 soll,
609 3320 643 3371 du
662 3337 690 3371 er
706 3323 795 3371 seneen
826 3321 1052 3388 Vmptlr'rfrtuupcn
1075 3322 1147 3374 irritet
1169 3323 1250 3374 eracli·

260 3390 365 3442 lurnmt.
411 3390 463 3442 l'mr
480 3390 527 3440 dmi
548 3389 658 3444 rlfr'ttcln.
679 3406 724 3440 uin
748 3389 893 3456 (lrrnpqlrta
911 3407 946 3441 arr
964 3390 1118 3458 defluvium.)

500 3506 540 3554 Η.
558 3507 686 3555 Urbano
704 3506 748 3555 Μ.
765 3505 876 3555 Rufus.

135 3635 136 3638 ’
228 3616 260 3680 S.
307 3615 487 3681 fraudamus
510 3622 551 3693 te,
574 3617 651 3680 deus
681 3620 799 3695 noster,
823 3617 876 3698 qui
899 3616 993 3680 bonis
1021 3616 1096 3680 viris
1119 3622 1150 3680 et
1173 3616 1249 3681 milri

124 3704 289 3768 Urbanum
314 3710 465 3786 tunquam
499 3704 688 3785 praesidium
723 3710 923 3784 tutoremque
957 3702 1070 3765 salutis
1093 3708 1124 3765 et
1148 3703 1251 3784 digni·

124 3792 203 3854 tatis
238 3797 363 3853 nostrae
400 3790 524 3852 dedisti.
570 3789 671 3852 Multa
702 3789 777 3851 mihi
802 3795 833 3851 et
853 3790 931 3852 meis
960 3789 1090 3851 adversa
1122 3795 1250 3866 suntet

126 3876 263 3940 fuerunt.
308 3875 342 3938 ln
367 3876 515 3939 omnibus
546 3898 638 3939 nemo
670 3875 780 3938 melius
815 3874 1036 3956 efficaciusque
1072 3876 1250 3939 sublevavit

124 3986 167 4039 re,
192 3962 307 4038 verbis,
330 3982 425 4043 opera
447 3983 541 4042 quam
567 3961 722 4025 Urbanos.
768 3960 881 4041 Itaque
912 3961 983 4023 vivo
1014 3982 1086 4042 ,per
1107 3965 1140 4024 te
1161 3983 1251 4043 prae-

124 4054 247 4111 sentem
273 4049 542 4130 conspicuumquo
566 4044 710 4110 deum.“³
756 4046 813 4109 Fui
831 4051 912 4129 ‚ante
941 4048 1083 4110 brumam
1108 4069 1170 4110 non
1195 4049 1250 4110 ad-

125 4136 253 4198 modum
289 4134 405 4197 firmus.
465 4134 533 4196 Pati
568 4135 698 4196 arlversn
738 4131 865 4195 Crotum
905 4131 1037 4196 audivi‘
1093 4132 1250 4215 Spoletini

196 4273 202 4302 ¹
225 4269 280 4321 Von
300 4270 360 4321 dom
380 4269 463 4321 Metel
483 4271 529 4321 uer·
547 4269 719 4320 urrelrelielrcn
741 4267 847 4319 tloburt.
869 4267 926 4333 Vct.
946 4269 1033 4321 8:28⁴}
1056 4272 1082 4322 sl.
1095 4269 1118 4320 3.
1189 4269 1199 4299 ²
1221 4267 1250 4320 ln

124 4341 184 4392 dein
207 4338 455 4392 Erlrsclruftsstveite.
475 4338 499 4390 S.
520 4339 570 4390 283
591 4342 618 4390 Α.
639 4341 661 4390 3,
734 4338 744 4366 ³
762 4337 837 4389 tlvid.
857 4335 931 4388 frist.
952 4338 985 4403 ll
1005 4339 1045 4389 sil.
1118 4338 1246 4393 *vimine

124 4409 193 4461 noch
213 4411 240 4460 in
260 4407 348 4462 fulda
379 4412 430 4459 frat
458 4423 501 4458 um
521 4408 592 4459 illese
612 4408 666 4458 Zeit
692 4405 718 4456 in
744 4406 792 4456 cleu
821 4405 977 4469 goistlielren
1004 4406 1094 4468 Starrd,
1120 4422 1173 4458 war
1191 4405 1253 4458 aber

124 4477 225 4530 sowulrl
250 4477 298 4528 mit
321 4477 408 4528 acinon
438 4477 594 4528 Einlriinftcn
625 4476 663 4527 als·
682 4476 729 4525 ruit
748 4476 806 4525 dein
842 4474 930 4526 tanen
959 4478 1035 4525 unior
1064 4475 1174 4527 »idioten
1200 4475 1250 4526 und

125 4546 239 4600 Pfuffene.
257 4546 320 4596 selu·
337 4546 512 4597 unzufriodon.
551 4546 625 4596 :tinelr
647 4545 679 4594 ivn
699 4543 757 4607 fola¹
776 4543 800 4595 J.
821 4542 890 4606 itaer.
908 4560 944 4605 cv,
964 4561 992 4595 so
1012 4544 1036 4594 iu
1056 4544 1140 4595 eincru
1163 4543 1203 4594 tn.
1218 4559 1250 4595 un

125 4614 229 4670 Mutian
248 4630 272 4667 r.
293 4615 316 4667 3.
334 4615 403 4667 Juni.
432 4614 492 4665 tud.
512 4614 587 4666 tlotlr.
608 4618 629 4665 Α
649 4614 698 4663 :itu
717 4613 760 4664 ΝΥ.
780 4613 821 4662 li.
854 4611 910 4663 l'on
930 4612 1016 4664 scinci·
1035 4612 1253 4679 Bewerluruguru

126 4684 170 4737 eiu
187 4683 305 4737 Gothuer
322 4683 468 4737 Kevrouilrat
486 4684 519 4735 ist
538 4684 563 4733 in
584 4683 625 4735 ΒΥ.
645 4681 696 4734 202
714 4681 756 4732 die
774 4679 853 4733 Rode.
