2774 4966
54 683 57 688 .
146 637 209 702 538
561 639 650 694 Briefe
668 639 714 694 des
732 640 757 694 J.
778 640 852 695 1515.

147 809 296 891 ejusdem.
343 811 427 893 Ego:
462 811 617 894 ,Tantum
641 811 719 876 mibi
743 811 882 896 polliceri
913 819 1037 877 vestrae
1068 812 1282 878 humanitatis

149 901 206 959 est.
251 896 337 959 Bene
359 899 457 961 sentit
480 904 585 960 vestra
608 899 736 961 caritas.
782 897 887 962 Sbruli
911 901 963 971 mi,
990 904 1092 962 totum
1117 921 1167 962 me
1191 898 1282 961 vobis

150 981 260 1045 dedico
284 989 435 1064 perpetuo
458 981 718 1063 obsequentem.“
767 982 899 1047 Talibus
928 985 1095 1048 blanditiis
1125 1006 1182 1066 par
1212 983 1280 1064 pari

149 1067 253 1142 retuli,
277 1073 308 1129 et
332 1074 485 1149 quantum
504 1069 556 1132 ille
579 1089 628 1131 me
651 1068 808 1149 depressit
824 1069 985 1150 (deprimit
1001 1071 1095 1142 enim,
1112 1071 1167 1152 qui
1184 1068 1282 1151 palpo

148 1153 308 1235 percutit),
331 1159 456 1218 tanturn
480 1176 539 1234 ego
563 1175 751 1234 magnorum
775 1155 939 1218 verborum
964 1155 1162 1234 remetiebar,
1193 1153 1282 1217 nulla

146 1239 273 1319 quidem
308 1240 340 1303 in
378 1245 467 1322 parte
501 1240 665 1304 Gnathoni
700 1238 838 1302 inferior.
885 1239 948 1304 Sed
982 1241 1070 1305 vides
1103 1262 1153 1303 me
1186 1239 1281 1320 longe

149 1323 325 1388 modestius
348 1330 381 1389 et
403 1325 528 1389 civilius
551 1325 649 1388 fuisse
671 1323 823 1406 locutum,
840 1327 867 1390 si
884 1326 975 1389 civile
996 1331 1044 1389 est
1066 1327 1114 1389 uti
1138 1324 1282 1388 moribus

148 1410 371 1492 praesentibus
394 1416 426 1473 et
448 1411 553 1474 verbis
576 1415 613 1473 ut
636 1410 682 1472 ita
705 1410 806 1472 dicam
832 1412 997 1474 vestriciis.
1046 1410 1173 1475 Obtulit
1202 1409 1281 1473 mibi

147 1496 310 1559 versatiles
327 1518 436 1560 versus
460 1501 491 1560 et
514 1497 607 1578 plane
623 1494 765 1558 lubricae
781 1497 997 1560 rotunditatis.
1037 1496 1114 1559 Erat
1130 1497 1162 1559 in
1179 1495 1283 1578 prime

146 1580 268 1644 fronte:
296 1581 471 1663 ,Conspice
494 1602 613 1663 quaeso
636 1584 728 1644 tuum
760 1583 921 1645 constanti
953 1582 1073 1645 lumine
1106 1581 1280 1656 Christum,

146 1665 364 1745 Quicunque*
399 1690 442 1742 es,
477 1667 641 1730 dominum
678 1667 825 1748 conspice
862 1688 982 1750 quaeso
1019 1666 1141 1730 tuum.“
1201 1665 1280 1728 Oba.

148 1749 322 1834 ,Conspice
359 1774 477 1833 quaeso
511 1751 634 1827 tuum“,
660 1756 691 1814 et
714 1752 746 1813 in
770 1753 855 1815 calce
889 1753 1150 1834 quaternionum:
1189 1750 1282 1830 ,vita

145 1860 255 1901 serena
274 1838 367 1920 juvat
399 1845 500 1901 terrae
534 1837 679 1901 studiosa
707 1837 834 1918 polique
866 1838 1024 1920 Auspiciis
1056 1837 1189 1912 dextris,
1214 1837 1282 1900 vite

147 1944 258 1986 serena
287 1923 408 2004 juvat.“
455 1924 542 1987 Haec
574 1926 651 1986 sunt
684 1921 801 1985 infirmi
824 1945 861 1986 ac
884 1923 991 2005 pusilli
1024 1923 1145 2004 ingenii
1180 1921 1282 1985 veluti

148 2010 303 2090 quaedam
334 2008 476 2073 subsidia
508 2030 610 2090 neque
634 2007 696 2070 vim
721 2007 806 2070 illam
838 2008 974 2072 habent:
1010 2009 1200 2090 „Rumpitur
1230 2007 1281 2069 in-

149 2094 245 2171 vidia,
269 2095 353 2174 quod
377 2096 472 2158 turbe
495 2115 617 2175 semper
640 2092 672 2154 in
696 2094 782 2156 omni
805 2091 1021 2158 Monstramur
1050 2095 1162 2175 digito,
1195 2113 1281 2155 rum-

147 2178 234 2261 pitur
258 2179 422 2242 invidia.“'
469 2179 535 2244 Nos
558 2180 603 2243 ita
625 2177 773 2242 lusimus:

248 2263 380 2347 Suspice
402 2267 612 2346 sanguineum
636 2263 860 2346 terebretaque
881 2268 1025 2346 tempora
1047 2285 1152 2350 regem

190 2421 194 2428 ,
294 2355 326 2413 et
349 2351 415 2414 cole
439 2352 554 2415 devota
576 2353 682 2415 mente
704 2349 818 2414 salutis
841 2371 931 2434 opus.

663 2435 756 2498 Item:

247 2521 342 2585 Nulla
366 2522 468 2586 crucis
492 2543 592 2599 servo,
616 2522 743 2585 domino
767 2523 810 2586 sit
833 2521 933 2604 gioria
957 2525 1095 2599 tanlnm,

290 2630 362 2670 nam
389 2630 480 2671 cruce
504 2630 588 2671 mors
611 2610 694 2753 vicqe
718 2610 766 2670 est
790 2611 820 2671 et
845 2629 936 2670 cruce
961 2612 1052 2688 parte
1075 2608 1172 2671 salus.

678 2696 755 2756 tem:

247 2778 347 2859 Signa
369 2777 524 2841 salutiferi
549 2778 638 2841 ducis
663 2776 740 2840 haec
763 2800 839 2858 rogo
864 2780 990 2860 suspice
1014 2779 1117 2856 miles,
1207 2774 1209 2778 '

295 2865 397 2947 signa,
421 2864 540 2946 quibus
564 2865 676 2928 vitium
700 2863 824 2927 tollitur
846 2885 939 2927 omne
963 2864 1081 2946 procul.

663 2948 756 3011 Item:

251 3034 353 3115 Ligna
376 3034 578 3116 triumphalis
601 3035 673 3097 fidei
698 3035 845 3116 vitaeque
869 3033 995 3098 suturae

294 3120 480 3201 Subsequor
502 3125 539 3183 ut
558 3120 636 3202 justi
662 3120 794 3201 mystica
816 3122 908 3201 signa
932 3120 1038 3199 ducis,

251 3206 335 3269 Haec
366 3206 478 3282 obiter,
502 3205 557 3268 sed
581 3229 620 3269 ex
644 3206 768 3269 intimis
797 3205 978 3287 theologiae
1008 3206 1147 3270 secretis.
1194 3204 1278 3281 Quin

148 3297 180 3357 et
202 3291 430 3376 posterioribus
454 3292 618 3355 versiculis
640 3290 781 3357 illudam.
807 3292 943 3373 sumptis
967 3314 1005 3355 ex
1029 3311 1145 3354 arcena
1174 3290 1279 3372 philo·

148 3377 261 3462 sophia
283 3378 422 3440 visendis
445 3376 685 3458 ediscendisque
709 3377 891 3439 sententiis:

234 3464 345 3526 intima
369 3486 439 3526 cum
463 3463 585 3543 superis
609 3463 712 3525 media
735 3463 851 3525 virtute
872 3462 1041 3543 jugantur,

275 3550 353 3613 utile
376 3549 423 3612 sic
446 3548 577 3631 pulchro
601 3548 799 3612 conseruisse
819 3548 920 3629 juvat.

665 3633 758 3695 Item:

234 3719 330 3784 Terra
352 3719 482 3801 quidem
505 3740 628 3800 corpus,
653 3739 776 3782 summo
799 3720 888 3781 tenet
910 3716 1039 3781 aethere
1061 3722 1203 3781 mentem

278 3806 421 3888 Jupiter;
444 3806 536 3883 hanc,
561 3804 649 3881 illud,
664 3803 728 3950 lqui
750 3803 845 3886 sapit,
869 3802 923 3866 ille
946 3802 1030 3866 colit.

680 3894 758 3952 tem:

234 3976 293 4053 Qui
318 3977 412 4040 nimis
436 3975 582 4056 indulget
606 3975 702 4051 coelo,
727 3975 886 4054 possessio
911 3977 1013 4036 terrae

276 4063 362 4125 hunc
384 4061 467 4143 fugit
490 4067 521 4125 et
544 4060 652 4124 stultis
675 4059 804 4123 stultior
827 4064 911 4123 errat
932 4058 1029 4121 humi.

668 4145 760 4208 item:

236 4232 270 4297 Si
296 4234 390 4296 nimis
413 4233 558 4312 indulges
581 4236 692 4303 terroe,
716 4230 874 4312 possessio
898 4229 976 4291 coeli

279 4319 416 4399 diffugit,
440 4320 471 4381 in
496 4322 609 4379 neutra
633 4321 720 4398 parte
743 4316 886 4395 relinque
910 4315 1023 4377 locum.

149 4484 354 4494 ...ω-..φωκ-

208 4590 223 4618 ¹
238 4574 375 4644 Quisquis

200 4645 340 4712 turma!
358 4643 411 4719 IX,
432 4643 474 4717 98,
495 4643 513 4700 2
531 4660 572 4717 sq.
