2774 4966
169 599 233 663 482
586 597 674 651 Briele
691 595 737 649 des
755 595 780 650 J.
801 597 873 651 151⁴.

197 771 405 822 solertissimo
424 770 582 828 quaestori
600 769 845 829 Georgivellium
862 770 1000 820 Henrico
1019 772 1159 832 Urbano,
1177 771 1282 835 philo·

309 854 417 915 sopho,
436 855 631 927 presbytero,
649 856 748 903 emico
766 855 979 906 benemerenti
997 858 1041 907 M.
1059 859 1173 911 nunu.

276 967 308 1030 S.
356 967 514 1042 laeseras,
537 969 574 1028 ut
596 964 757 1028 Publium¹
782 965 954 1047 relegerem
978 969 1009 1028 in
1035 966 1184 1033 Pontum.
1228 969 1307 1033 Hem

172 1054 276 1136 qualis
309 1051 428 1116 Urbani
463 1051 635 1132 asperitasl
686 1051 795 1114 Mitius
829 1059 877 1114 est
910 1053 1079 1134 agendum.
1129 1055 1305 1120 Remittem

172 1141 279 1223 potius
311 1138 350 1201 ad
374 1141 406 1200 te
429 1143 601 1199 amatorem
634 1152 735 1199 suum.
781 1136 831 1200 lta
860 1137 984 1201 solutus
1007 1144 1055 1200 est
1077 1142 1220 1204 amasius
1251 1145 1308 1204 tua

172 1227 318 1290 bonitate
342 1229 373 1286 et
396 1222 608 1303 indulgentia,
626 1227 662 1284 ut
678 1220 795 1284 Rufum
812 1226 998 1286 contemnat
1013 1229 1185 1307 tecumque
1200 1227 1308 1289 vivere

172 1312 319 1375 destinet.
365 1307 446 1371 Nam
482 1307 543 1370 nisi
579 1308 624 1369 sic
658 1312 751 1383 esset,
787 1330 849 1370 non
884 1307 980 1372 isthic
1013 1308 1119 1374 triduo
1153 1311 1307 1377 continuo

172 1396 353 1472 mansisset,
387 1393 475 1456 nulla
510 1392 637 1474 penitus
669 1391 795 1455 culinae
828 1395 952 1456 ratione
981 1395 1102 1472 hahita,
1131 1401 1167 1460 ut
1189 1397 1306 1460 mirum

173 1481 250 1546 mihi
274 1480 427 1555 videatur,
457 1499 512 1541 cur
535 1478 677 1560 potueris
701 1500 826 1542 servum
849 1479 909 1541 hoc
932 1501 1029 1560 pecus
1044 1484 1111 1544 tam
1129 1482 1184 1545 diu
1200 1481 1308 1546 soluto

173 1568 260 1631 freno
285 1565 393 1645 vagari
419 1565 486 1645 pati
509 1569 542 1627 et
564 1563 674 1626 deesse
695 1585 753 1627 suo
776 1565 965 1629 ministerio.
1012 1565 1099 1630 Tuus
1126 1569 1171 1632 sit
1198 1568 1308 1650 igitur,

195 1651 302 1717 nando
335 1663 424 1714 meus
455 1671 523 1712 esse
550 1655 685 1712 recusat.
731 1648 842 1731 Neque
874 1651 958 1714 enim
987 1650 1063 1728 fero,
1093 1654 1150 1734 qui
1180 1653 1308 1717 duobus

173 1676 313 1803 dominis
337 1739 447 1799 contra
470 1736 698 1816 praescriptum
722 1734 939 1816 evangelicum
963 1738 1030 1799 sive
1053 1743 1168 1822 suapte
1191 1746 1308 1804 natura

173 1825 241 1888 sive
263 1823 397 1886 aliorum
421 1842 518 1884 suasu
541 1821 647 1883 servit.
694 1819 776 1896 Quid
800 1821 931 1883 multis?
976 1823 1041 1885 Aut
1055 1825 1214 1906 pessimus
1231 1846 1309 1906 puer

175 1914 223 1974 est
256 1914 314 1973 aut
345 1908 486 1971 omnium
521 1906 740 1969 stultissimus.
785 1905 872 1982 Quae
905 1908 1078 1991 praecipio,
1112 1932 1177 1973 non
1211 1909 1308 1988 lecit3

174 2018 255 2079 quae
288 1998 372 2072 vete,
396 1992 487 2070 facit3
525 1991 667 2054 moribus
697 1991 826 2055 omnino
859 1995 1079 2074 praeposteris.
1125 1995 1307 2078 Responde.

174 2080 349 2163 Objurgavi
388 2077 616 2153 Herebordurn‚
654 2077 708 2140 sed
746 2079 926 2159 prudenter.
985 2079 1053 2142 Hoc
1087 2079 1181 2144 velim
1220 2081 1310 2146 dicas
1373 2127 1376 2137 ι

173 2169 277 2231 amico
311 2160 441 2228 vicino.²
487 2162 577 2239 Quod
610 2161 782 2226 nonnullos
813 2164 922 2226 taxavi
957 2167 989 2227 et
1021 2165 1147 2230 interim
1173 2168 1309 2248 corrigo,

173 2254 213 2320 ad
238 2257 270 2316 te
293 2251 394 2332 magis
417 2250 556 2331 pertinet
579 2270 674 2331 quarn
698 2247 739 2311 ad
762 2270 820 2311 me.
867 2249 975 2312 Timeo
1003 2251 1087 2314 enim
1109 2251 1172 2316 tibi
1194 2258 1310 2336 utpote

175 2340 272 2403 nimis
294 2335 430 2401 credulo.
477 2334 560 2396 Vale.

328 2437 390 2491 Cod.
408 2435 474 2489 Frcl.
493 2436 552 2486 411.

175 2626 289 2697 (notha.)
702 2609 774 2672 416.
892 2625 950 2691 (rw,
966 2626 1005 2679 17.
1025 2642 1050 2678 u.
1069 2625 1110 2680 ae.
1129 2625 1200 2696 Sept.
1221 2629 1309 2696 1514.)

525 2733 671 2804 lllutiun
694 2754 742 2803 un
765 2735 949 2804 Harbord.

175 2864 327 2932 (Vernatrfe
352 2881 437 2934 ’τωρωι
462 2863 550 2916 ser'ner
576 2863 712 2916 Habsuclrt
739 2864 796 2916 arrd
813 2864 872 2917 accit
887 2882 916 2916 er
933 2865 1002 2918 lauch.
1019 2866 1065 2918 der
1083 2865 1186 2918 neem
1264 2866 1309 2918 des

175 2935 371 3002 Psorxheimcrs
387 2934 439 2986 mil
456 2934 515 2985 dour
533 2932 604 3000 Mup.
628 2932 712 2995 Kane,
738 2933 919 3000 Enpclmuana
950 2934 1128 2998 l'rrnrundtoa
1147 2934 1217 2987 Mis-s
1234 2935 1309 3002 ellip-

174 3005 259 3056 lcr'ten
276 3004 331 3056 lat.
367 3003 407 3054 Er
424 3003 474 3054 soll
490 3001 592 3053 lemnam
611 3002 676 3064 scia,
696 3001 788 3053 Euhan
808 3008 987 3055 ientaculum
1002 3004 1058 3054 und
1069 3003 1119 3056 mil
1131 3003 1222 3055 seium
1247 3003 1309 3056 Ver·

415 3071 543 3133 rrandlrar,
562 3070 610 3122 den
630 3070 786 3132 Ebcrdaclm,
805 3071 835 3122 r'u
854 3071 968 3123 Fricdca
987 3072 1073 3137 leben.)

200 3187 358 3237 Generoeo
376 3188 408 3235 et
426 3185 543 3235 celebri
558 3184 638 3244 juris
656 3186 819 3244 utriusque
837 3186 980 3236 consulto
997 3184 1182 3246 Herebordo
1199 3185 1284 3235 Mer·

243 3272 354 3333 gerite,
372 3271 493 3330 patriae
510 3274 655 3329 patrono,
673 3283 728 3321 auo
747 3271 1040 3322 benevolentissime
1064 3272 1108 3321 M.
1126 3269 1240 3322 Ruina

280 3383 312 3448 S.
358 3382 428 3447 Etsi
451 3383 483 3446 in
507 3405 544 3446 ea
578 3387 682 3447 natus
705 3405 737 3446 es
768 3383 900 3461 familia,
934 3406 1015 3465 quae
1049 3384 1104 3447 diu
1136 3383 1247 3447 floruit
1277 3387 1310 3445 et

175 3467 271 3533 hodie
300 3491 333 3532 sc
361 3469 509 3533 laudibus
538 3469 688 3543 illustrat,
712 3471 758 3533 ita
786 3470 939 3533 educatus
963 3493 980 3532 a
1004 3475 1093 3550 patre
1126 3468 1308 3551 magnifico,

176 3560 213 3619 ut
240 3556 378 3618 alienum
403 3577 421 3618 a
443 3555 591 3618 sordibus
615 3561 646 3617 te
669 3578 737 3619 esse
768 3556 888 3631 deceat,
918 3557 963 3618 ita
991 3557 1114 3632 doctus,
1138 3561 1174 3618 ut
1197 3555 1308 3635 singu·

176 3641 252 3705 laris
281 3641 439 3722 professor
458 3641 538 3721 juris
561 3640 707 3719 habeare,
735 3644 781 3704 ita
810 3643 948 3724 denique
977 3642 1135 3723 cognitae,
1167 3646 1205 3703 nt
1232 3639 1308 3703 boni

177 3729 261 3791 cives
284 3735 316 3791 te
339 3727 420 3789 bene
443 3733 604 3807 gesturum
638 3727 864 3808 rempublicam
897 3750 933 3789 ac
963 3727 1098 3790 fideliter
1126 3727 1308 3807 patrocina-

176 3819 283 3877 turum
311 3813 432 3895 patriae
462 3813 656 3876 arbitrentur
684 3821 716 3876 et
743 3814 924 3894 praedicent
955 3814 1006 3892 (de
1035 3835 1098 3894 qua
1128 3819 1185 3875 tua
1208 3811 1310 3893 gloria

177 3921 278 3980 nuper
299 3899 360 3962 tibi
384 3919 439 3979 pro
462 3919 568 3962 amore
597 3903 705 3961 nostro
734 3895 947 3978 gratulabar,³
976 3899 1110 3961 amicum
1142 3898 1227 3972 enim
1260 3919 1310 3960 me

179 3985 276 4049 luisse
300 3989 332 4048 et
355 4006 426 4046 esse
449 3990 481 4047 et
503 3985 645 4047 futurum
663 3985 826 4047 existimes
842 3982 960 4065 velini),
977 4006 1048 4047 cum
1064 3989 1171 4046 tamen
1188 3983 1310 4064 superi·

177 4071 286 4135 oribus
316 4070 428 4133 diebus
458 4070 587 4151 quidam
620 4069 810 4133 Pherccnsis
839 4069 1062 4132 scholasticus⁴
1086 4092 1104 4132 a
1127 4091 1177 4131 me
1200 4069 1310 4133 literas

177 4160 334 4240 acciperet
377 4157 513 4237 scriptas
550 4157 589 4219 ad
628 4157 847 4219 doctissimum
894 4157 981 4218 illum
1027 4154 1240 4237 Capnionem⁶
1279 4160 1311 4218 et

249 4345 257 4375 ¹
275 4343 378 4397 Dieuor.
407 4343 432 4396 S.
442 4344 494 4396 407
505 4345 536 4398 A.
547 4344 570 4397 2.
599 4343 634 4395 Er
646 4358 701 4395 war
715 4359 764 4395 ron
782 4342 880 4393 seincm
900 4343 1002 4409 gestrcn
1021 4358 1053 4393 ou
1072 4340 1157 4394 Herm
1176 4340 1246 4393 ohne
1264 4339 1310 4393 Er·

179 4409 283 4465 laubnls
302 4429 334 4464 zu
352 4412 443 4464 llrban
462 4428 603 4480 gegingen.
641 4412 699 4479 l’pl.
720 4412 761 4463 die
780 4411 862 4478 lilagc
880 4411 907 4461 in
927 4410 970 4464 Br.
1027 4412 1047 4463 l.
1119 4409 1310 4483 ’lingolmaun

179 4481 242 4534 oder
259 4481 352 4533 descen
371 4481 543 4533 Verwmrdtcr
560 4481 627 4548 ling.
648 4484 743 4538 (Jonou,
762 4481 804 4531 dio
823 4479 879 4531 sich
898 4479 964 4530 iiber
994 4478 1111 4531 llerlmrd
1130 4494 1163 4529 an
1183 4479 1242 4531 bckl
1278 4493 1309 4529 en

178 4550 277 4604 hattus
314 4549 373 4616 l'gl.
402 4550 443 4602 Br.
473 4553 532 4604 llll.
604 4550 672 4603 3ΒΓ.
699 4550 758 4600 413.
829 4547 882 4600 ⁴8.
901 4549 952 4599 419
976 4551 1006 4600 A.
1026 4549 1050 4599 3.
1120 4547 1244 4600 ⁶Dicsor
1291 4562 1309 4598 r.

178 4619 282 4672 schcint
297 4619 370 4670 nicht
388 4619 514 4676 crlralteu.
532 4620 565 4672 da
583 4635 612 4669 cs
630 4619 676 4670 der
694 4619 720 4669 in
738 4617 777 4671 111,
797 4617 847 4670 vir.
867 4633 924 4684 epp.
944 4617 977 4668 ad
999 4616 1026 4668 ll.
1047 4633 1060 4668 z
1078 4616 1120 4668 3a
1139 4632 1163 4669 v.
1185 4617 1224 4671 13.
1239 4614 1309 4682 Sept.
