2774 4966
420 25 1378 288 L-

609 114 615 133 .

163 628 226 693 342
548 608 550 618 ’
576 625 662 681 eaeo
679 627 724 682 aa
743 628 768 683 r.
788 620 861 680 'rna

169 805 296 886 propter
319 801 492 865 cottidiana
515 801 660 882 quamvis
683 800 874 864 mercenaria
897 799 1060 863 sacrificia.
1107 795 1170 861 Sed
1193 796 1288 879 longe

169 888 260 953 aliter
283 911 331 951 res
359 889 519 952 suecessit.
565 887 670 967 Nuper
698 887 736 948 ad
761 909 809 949 me
838 883 944 948 Morus
975 886 1066 956 dixit,
1093 882 1177 966 quod
1206 882 1289 948 alias

164 975 204 1038 ad
225 978 258 1038 te
288 974 407 1056 scripsi,
436 977 483 1036 uit
511 973 614 1052 {letter
637 973 754 1045 blattird
785 970 846 1045 aad)
875 972 925 1031 mit
955 973 1064 1051 t‘ltsstb
1094 971 1175 1048 torui
1196 969 1239 1044 aa
1262 988 1290 1030 tr

170 1070 330 1135 utantuett:
355 1060 414 1130 „dt
437 1059 612 1138 philosophia
634 1059 682 1118 mir
700 1057 751 1135 [tin
768 1061 806 1117 eit
825 1058 934 1118 utierfl
958 1056 1058 1119 Hodie
1073 1058 1178 1118 autem
1195 1075 1289 1118 secus

163 1145 264 1209 fuisse
286 1166 470 1226 responsum
501 1141 763 1223 Sebindeeopius²
794 1141 869 1205 milri
896 1143 1044 1205 narravit.
1089 1141 1120 1204 Is
1143 1139 1290 1204 interfuit

167 1228 298 1313 prandio
322 1230 453 1294 fratrum
478 1229 648 1309 Augustini
672 1234 704 1291 et
726 1230 840 1297 Morus,
874 1228 947 1291 dum
970 1227 1089 1290 Nathin
1118 1226 1169 1289 hie
1192 1232 1288 1290 esset.

168 1314 375 1394 unornane,
404 1321 523 1398 quanta
556 1314 632 1377 mibi
656 1312 692 1376 lit
715 1314 846 1396 injuria!
893 1313 968 1389 Quis
991 1314 1140 1377 toleraret
1162 1316 1286 1376 tantam

165 1402 391 1483 iniquitatem?
435 1400 515 1475 {ileo
540 1404 584 1474 het
600 1401 705 1472 Ilattia
728 1410 835 1474 grenat:
858 1393 930 1480 „fich
949 1401 1053 1459 tinent
1071 1397 1288 1474 fflutianittet

165 1497 269 1561 acutat,
293 1507 319 1546 rt
343 1489 387 1563 tet
410 1488 466 1546 erin
492 1488 580 1544 tieem
605 1484 789 1546 reticeatur
810 1484 897 1548 Tirne
920 1483 1040 1547 Morus:
1065 1477 1126 1565 „Ji
1150 1503 1176 1540 rt
1201 1487 1288 1543 lasset

166 1574 226 1632 trin
247 1573 347 1650 ttamen
370 1591 429 1631 man
443 1591 487 1642 μαι
504 1573 547 1640 im.
570 1576 622 1630 ben
643 1569 685 1627 bie
701 1580 801 1647 purten.
826 1572 866 1633 de
883 1572 919 1630 ist
936 1572 977 1631 tin
993 1571 1191 1649 philoterias&
1215 1589 1287 1631 eum

166 1658 231 1720 risu
255 1657 483 1720 contumelioso
507 1660 538 1717 et
560 1656 715 1737 applausu
738 1655 826 1718 Mori.
871 1655 954 1718 Proh
971 1656 1062 1718 deum
1080 1655 1171 1717 tidem
1190 1658 1289 1736 atque

167 1742 345 1807 hominum!
390 1742 460 1806 Non
485 1741 548 1804 vidi
571 1747 627 1805 aut
650 1741 755 1804 audivi
780 1743 874 1804 istum
893 1741 1074 1823 theologum
1091 1741 1129 1803 ad
1143 1739 1287 1821 januam.

164 1827 262 1893 Crede
284 1829 371 1900 mihi,
396 1832 437 1889 ele
461 1829 510 1887 mit
533 1838 577 1901 aot
594 1827 666 1905 tritt,
691 1849 794 1890 verum
819 1828 938 1908 loquor.
985 1827 1045 1891 Sed
1064 1827 1125 1889 ista
1141 1830 1289 1889 monstra

164 1914 375 1978 humilitatem
404 1912 545 1995 professa
581 1912 768 1993 superbiunt
794 1914 992 1977 intrinsecae.
1039 1913 1119 1989 Quid
1151 1911 1289 1974 faciam?

164 2000 346 2065 Scribamne
368 2000 407 2064 ad
432 1998 574 2063 Nathin?
614 1999 770 2062 Barbarus
793 2005 841 2064 est
863 2003 895 2063 et
911 2020 1062 2063 morosus.
1100 1998 1166 2079 Ego
1183 1998 1289 2061 bonos

163 2088 247 2153 viros
269 2086 403 2150 libenter
435 2085 568 2148 admitto
593 2091 623 2147 et
645 2106 737 2148 nemo
768 2085 818 2149 lrie
842 2092 891 2149 est
912 2108 961 2149 me
984 2107 1047 2148 uno
1072 2084 1229 2148 liberalior
1255 2088 1289 2147 et

165 2171 341 2237 humanior.
380 2171 430 2234 Dii
453 2171 591 2254 deaeque
613 2171 746 2252 perdant
768 2177 800 2235 et
822 2171 944 2235 Morum
968 2177 998 2234 et
1022 2169 1162 2235 Latium!
1201 2170 1288 2233 Audi

166 2257 265 2343 plura,
301 2258 376 2341 quia
407 2262 507 2321 vacat.
552 2255 632 2320 Nam
667 2255 798 2320 absente
824 2255 921 2321 Jano³
949 2257 1073 2321 studere
1101 2277 1165 2320 non
1196 2256 1287 2321 valeo

164 2346 306 2410 intentus
352 2343 482 2408 culinae.
531 2343 612 2406 audi
645 2343 784 2426 inquam.
836 2343 898 2408 Iste
933 2344 1082 2425 magister
1112 2340 1287 2424 Carspaeh⁸

163 2431 251 2495 venit
266 2431 298 2494 in
314 2430 407 2494 aedes
425 2429 512 2493 Mori.
545 2430 657 2493 Jussus
674 2430 807 2511 primum
824 2436 1016 2512 exspectare.
1039 2430 1161 2493 Interea
1177 2428 1287 2494 Morus

167 2517 265 2582 libros
288 2516 439 2598 plurimos
462 2517 595 2597 aperuit.
642 2514 719 2578 Tum
744 2516 880 2579 admisso
904 2516 1030 2579 homine
1052 2515 1229 2580 studiosum
1253 2538 1287 2578 se

164 2603 304 2668 ostendit
326 2607 358 2666 et
380 2602 520 2685 apprime
544 2602 682 2665 deditum
704 2601 776 2683 juri.
816 2603 882 2665 Hoc
900 2608 1009 2683 postea
1025 2603 1106 2666 dixit
1125 2601 1285 2683 Carspaelr

166 2687 405 2772 Schindeoopio.
442 2688 543 2751 dudio
560 2693 719 2769 praeterea
735 2687 855 2751 Momm
874 2690 975 2752 dicere
991 2690 1089 2752 solere
1105 2687 1285 2752 Matianum

168 2799 234 2840 esse
256 2773 489 2859 philosophum,
513 2795 576 2837 non
596 2774 822 2856 jurisperitum,
853 2776 942 2856 quasi
976 2776 1114 2856 patiatur
1141 2797 1190 2838 me
1214 2772 1285 2856 plri-

163 2861 335 2946 losophari,
352 2867 389 2924 ut
404 2861 464 2924 sibi
479 2859 560 2941 juris
577 2860 706 2923 titulum
722 2859 847 2924 habeat.
883 2861 909 2925 Ο
923 2861 1042 2942 judicia
1058 2883 1128 2924 vere
1145 2861 1287 2924 asinina!

165 2948 247 3026 Quid
271 2947 408 3012 faciam?
452 2944 488 3010 Si
512 2947 623 3028 placet,
654 2952 783 3010 excuset
807 2970 855 3010 me
878 2947 1033 3028 Petrejus⁵
1057 2947 1140 3028 apud
1165 2946 1283 3010 Nathin

164 3039 196 3100 et
218 3057 304 3099 meos
328 3033 481 3097 Catilinas
504 3037 639 3096 accuset.
679 3032 806 3097 Utinam
840 3034 999 3096 cerebrum
1028 3034 1159 3097 haberet
1190 3034 1285 3096 Here·

165 3120 290 3186 bordas.
329 3120 398 3183 Non
422 3120 539 3183 sineret
561 3141 610 3183 me
632 3123 724 3183 tanta
747 3119 828 3183 affici
853 3120 977 3201 injuria.
1024 3120 1107 3183 Vale.

317 3221 377 3278 Cod.
397 3220 461 3274 Frel.
481 3220 538 3274 326.

164 3410 278 3479 (oona.)
684 3393 755 3457 280.
1080 3413 1103 3463 5.
1123 3413 1188 3478 ring.
1209 3413 1283 3464 1513.

538 3519 678 3590 llutian
703 3541 749 3589 an
774 3520 911 3591 Urban.

165 3650 321 3720 (Verteiiir'grt
338 3651 396 3703 aleb
410 3668 487 3719 qeqen
511 3650 614 3703 Urbana
639 3650 766 3716 terreres,
786 3652 848 3704 does
865 3669 893 3703 o·
910 3669 960 3703 oris
971 3651 1040 3704 Ner'd
1057 3653 1119 3704 iiber
1138 3652 1284 3706 illrreordus

166 3721 314 3788 unffdnatr'q
331 3719 430 3786 arteria,
451 3719 506 3772 arrd
521 3719 605 3785 bauli
616 3719 673 3772 sirb
690 3720 742 3785 oris
756 3720 826 3771 seina
843 3719 899 3772 ilem
917 3721 1076 3773 orrerluloss
1093 3722 1178 3774 senas
1192 3722 1285 3789 Opfers

536 3789 736 3857 darqebroebtmr
758 3789 917 3854 Geselrenlre)

486 3900 536 3952 Ad
553 3901 594 3952 Η.
612 3901 772 3952 Urbanum
789 3903 832 3952 Μ.
851 3901 960 3953 Rufus.

267 3991 299 4057 S.
344 3993 511 4058 Familiare
542 3996 681 4073 esttibi,
710 3995 835 4059 Urbane
867 4003 966 4079 pater,
997 3998 1144 4079 adjuvare
1174 3999 1285 4063 doctos

166 4084 198 4142 et
221 4079 313 4144 laude
336 4080 458 4162 dignos.
497 4081 618 4145 Fovisti
640 4082 670 4144 in
694 4088 749 4145 tuo
766 4084 837 4146 sinu
860 4084 1069 4164 Spalatinum,
1087 4083 1284 4149 Musardum⁶

235 4233 242 4263 ¹
261 4232 425 4299 Augustiner.
450 4232 474 4286 S.
487 4233 591 4285 sortiti.
646 4233 844 4285 200t11ais0ner
862 4234 1013 4287 Kanonilrus
1032 4236 1092 4290 Joh.
1112 4237 1171 4289 Seli.
1194 4237 1219 4288 S.
1234 4238 1281 4289 241

165 4303 195 4354 A.
215 4300 237 4354 2.
309 4301 431 4353 ³Diener
447 4302 529 4354 lanus
548 4302 660 4354 Urbimis
679 4304 713 4369 (8.
728 4302 777 4353 284
795 4305 825 4355 Α,
841 4304 865 4370 1)
884 4305 930 4355 ans
945 4305 1016 4356 einer
1035 4305 1238 4358 Gesobttltsreiso
1257 4307 1284 4358 in

164 4368 266 4422 Hessen
285 4369 429 4422 abuesend.
459 4370 515 4438 Vgl.
534 4370 576 4425 ΒΓ.
596 4372 645 4423 2945
665 4388 723 4423 vom
741 4372 781 4424 26.
803 4376 880 4438 Auo:
903 4373 965 4424 meo
991 4375 1086 4425 tanum
1111 4380 1173 4426 tnnc
1199 4375 1284 4427 insoli-

165 4438 271 4491 eissima
288 4438 383 4492 Hassia
401 4439 508 4491 habuit.‹
582 4440 649 4492 ⁴ltin
667 4440 767 4492 Freund
786 4440 907 4496 Matiana.
927 4443 972 4493 der
991 4443 1016 4493 in
1036 4442 1078 4494 Br.
1090 4444 1140 4496 202
1158 4445 1191 4510 (a
1204 4445 1283 4511 1512)

166 4507 205 4560 als
225 4524 274 4559 ron
293 4507 347 4559 ihm
366 4508 544 4576 begiinstigter
560 4508 698 4560 Bewerber
716 4525 760 4560 um
779 4509 837 4561 eine
855 4510 1013 4563 Gothaiaolro
1039 4511 1152 4564 Plriinde
1171 4518 1286 4580 genennt

166 4575 238 4628 wird.
268 4577 293 4631 S.
313 4577 361 4630 257
380 4580 410 4630 Α.
429 4576 452 4629 8.
523 4577 591 4630 ⁵Da
608 4577 676 4630 Petr.
700 4578 737 4630 im
755 4581 820 4646 Aug.
840 4578 958 4646 absolate,
986 4597 1014 4633 so
1051 4581 1103 4633 'ebt
1127 4581 1183 4633 dies
1208 4581 1285 4635 einen

165 4643 262 4700 Anhalt
279 4662 326 4700 zur
338 4645 570 4715 Zeitbestimmuug
587 4646 632 4700 dea
641 4646 683 4702 ΒΓ.
736 4647 854 4700 ⁶Ielrrer
871 4648 898 4700 in
908 4597 1087 4718 Georgentlial.
1098 4649 1156 4719 Vgl.
1170 4649 1213 4703 Br.
1225 4650 1285 4706 272.
