2774 4966
130 649 192 716 106
515 649 604 704 Briete
622 666 673 704 von
692 649 870 707 reus-1508.

131 823 272 889 hibeant.
318 824 413 889 Canii
437 830 531 909 poeta
554 825 733 891 sacerdotes
754 833 860 891 castus
883 825 1019 891 incolere
1036 824 1148 889 beatas
1163 824 1265 908 Elysii

131 910 221 975 sedes
237 909 291 974 illo
307 934 412 976 versu:
433 912 576 994 „Quique
591 912 771 978 sacerdotes
787 913 877 991 casti,
894 912 969 976 dum
982 911 1048 975 vite
1060 911 1259 977 manebat.“'

131 997 218 1074 Quae
241 1019 310 1063 cum
336 999 381 1061 ita
405 999 556 1077 habeant,
580 1005 828 1064 consentaneum
845 1005 894 1064 est
911 1000 961 1083 pio
978 1004 1011 1062 et
1026 998 1165 1081 sepienti
1181 998 1262 1075 viro,

132 1104 195 1167 quo
218 1084 338 1152 castius
365 1085 531 1150 incumbat
561 1085 677 1150 divinis
706 1086 811 1164 rebus,
846 1107 909 1151 non
943 1106 1055 1168 cogere
1090 1084 1261 1150 concilium

130 1170 335 1248 ebriosorum,
359 1171 413 1235 sed
437 1172 660 1236 festivissimus
676 1173 799 1238 natales
815 1173 864 1236 sui
881 1171 990 1254 templi
1017 1170 1177 1235 celebrare
1201 1194 1262 1256 pu-

131 1255 209 1322 dice.
256 1257 325 1321 Non
351 1258 519 1340 praecipio.
544 1261 581 1322 ut
603 1280 637 1322 se
653 1259 756 1344 ipsum
772 1259 948 1324 sorbitione
964 1258 1115 1322 cicutae·
1130 1264 1261 1337 castret,

130 1347 167 1409 ut
189 1342 354 1407 eunuchus
377 1344 435 1408 fiat
456 1344 639 1425 Origeniste
661 1353 693 1410 et
716 1345 764 1408 vir
780 1368 848 1409 esse
863 1345 999 1408 desinat.
1039 1343 1108 1409 Non
1130 1344 1261 1420 ruendo,

40 1429 44 1435 ’
131 1433 168 1492 ut
191 1428 382 1511 hydropotes
399 1431 443 1493 sit
458 1435 490 1493 et.
506 1437 668 1512 tamquam
684 1434 698 1473 b
714 1431 860 1513 Tyaneus
877 1431 929 1494 ille
946 1453 1058 1512 magus
1074 1430 1262 1496 abstemius.

130 1515 245 1581 Utatur
269 1516 342 1579 vino
369 1517 491 1582 modico
515 1525 643 1599 propter·
665 1519 862 1583 stomachum
888 1517 1005 1600 pituita
1027 1521 1060 1580 et.
1080 1516 1197 1598 frigore
1216 1517 1263 1583 la·

130 1602 294 1667 horantem
312 1606 485 1666 secundum
503 1605 645 1685 Apostoli
662 1603 856 1669 consilium²
894 1605 1039 1668 Imitetur
1056 1602 1179 1673 Persas.
1205 1605 1260 1689 qui

132 1689 205 1754 vinu
230 1693 442 1770 temperanter
466 1695 609 1754 utuntur.
656 1690 804 1756 Studium
830 1690 873 1754 illi
901 1711 1039 1771 curaque
1061 1690 1115 1766 sit,
1138 1697 1175 1753 nt
1190 1689 1262 1754 dili·

128 1780 240 1858 genter·
261 1776 417 1850 attendat,
443 1800 480 1838 ne
503 1777 579 1858 quid
603 1785 715 1842 contra
732 1800 833 1842 mures
855 1786 886 1842 et
907 1776 1115 1841 christianum
1144 1777 1262 1860 dogma

130 1862 196 1941 fiat,
218 1884 256 1925 ne
273 1884 326 1945 per
342 1863 487 1945 crapulas
504 1867 535 1926 et
551 1863 656 1929 cibum
674 1866 713 1928 ad
731 1864 893 1929 libidinem
919 1867 952 1928 et
971 1863 1159 1945 nequitias⁰
1188 1885 1261 1946 pro-

129 1948 256 2015 labatur
278 1952 312 2011 et
325 1947 396 2012 aliis
419 1950 463 2012 sit
485 1950 516 2011 in
540 1951 672 2032 flagitiis
695 1951 849 2034 exemplo.
896 1949 1019 2014 Nobilis
1035 1953 1084 2013 est
1108 1949 1163 2014 illa
1186 1949 1261 2014 Ple·

127 2035 214 2104 tonis
248 2035 280 2099 in
316 2035 484 2100 Phaedone
518 2039 694 2102 sententie:
729 2060 786 2122 par
815 2037 945 2101 omnino
973 2058 1051 2114 esse,
1081 2036 1196 2120 utqui
1219 2037 1260 2101 ad

127 2121 304 2207 sapientiae
326 2123 467 2186 studium
491 2146 524 2186 se
548 2124 723 2200 conferant,
753 2124 840 2207 prius
872 2123 1030 2205 quideml
1062 2123 1263 2188 emoriantur

127 2208 332 2290 animumque
366 2209 469 2291 ipsum
504 2208 545 2272 ab
577 2212 663 2275 omni
698 2211 839 2294 corporis
873 2232 967 2274 sensu
1003 2210 1262 2293 contagioneque

127 2299 275 2359 avertant
297 2300 331 2358 et
353 2297 443 2376 quasi
468 2297 499 2359 in
523 2318 615 2360 suum
630 2297 683 2379 jus
699 2319 855 2379 suamque
873 2297 1054 2361 libertatem
1073 2292 1262 2361 vindicent,⁸

127 2381 238 2463 ltaque
270 2381 362 2444 divus
395 2381 573 2446 Bernardus
601 2384 674 2458 cibi,
731 2384 849 2448 otionis
876 2406 913 2448 ac
945 2383 1054 2446 foedae
1084 2381 1262 2464 voluptatis

129 2469 257 2535 nimiam
276 2469 532 2552 appetitionem⁰
554 2470 708 2552 lugiensr
756 2470 783 2534 X
807 2471 932 2535 sodales
957 2491 1032 2533 suos
1053 2468 1092 2532 ad
1117 2469 1260 2534 scholam

129 2554 246 2620 Christi
270 2557 437 2633 convertit,
462 2556 517 2620 ubi
541 2579 610 2620 vere
635 2558 776 2621 viverent.
799 2562 827 2620 et
853 2557 985 2621 rationis
1009 2557 1138 2650 imperio
1162 2557 1262 2620 servi·

128 2647 207 2707 rent.
253 2642 504 2724 Intemperanter
528 2643 609 2706 enim
635 2645 739 2708 vivere
764 2666 825 2707 non
857 2651 905 2708 est
935 2643 1049 2719 vivere,
1083 2641 1137 2705 sed
1167 2644 1259 2708 mori.

127 2728 224 2793 Novit
254 2729 475 2794 sanctissimus
504 2736 593 2813 pater
623 2731 721 2794 sulam
752 2729 968 2795 coenobialem
992 2730 1089 2792 vitam
1114 2734 1260 2794 coutem-

127 2815 261 2898 plationi
286 2818 319 2878 et
341 2816 456 2880 studiis
480 2817 670 2898 optimarum
688 2818 802 2881 artium
821 2816 965 2880 idoneam
983 2816 1260 2897 computationem

129 2903 327 2966 irritamenta
355 2906 388 2965 et
419 2903 573 2966 malorum
604 2903 802 2967 sacerdotum
833 2903 997 2967 illecebras
1024 2902 1123 2965 vitare
1155 2924 1260 2985 posse.

128 2988 201 3053 ldeo
225 2989 348 3053 cautior
371 3011 465 3072 quam
490 2989 653 3054 hlutianus
677 2992 707 3054 in
725 2990 928 3054 solitudinem
957 2988 1038 3052 abiit.
1066 2986 1186 3052 relictis
1211 3011 1262 3054 ur·

127 3076 223 3139 bibus
239 3081 271 3139 et
287 3077 509 3141 conventiculo
527 3077 695 3158 profano.e
732 3076 776 3140 Mi
793 3083 890 3161 pater,
915 3076 1015 3159 probo
1032 3076 1150 3139 iactum
1167 3080 1261 3142 tunm

128 3167 161 3226 et
182 3163 334 3240 imitarer,
359 3163 420 3226 nisi
443 3164 614 3246 posteritas
638 3170 693 3227 tua
717 3165 940 3245 degenerasset
960 3161 1001 3227 ab
1026 3162 1088 3225 illis
1109 3161 1176 3225 tuis
1192 3169 1263 3227 stu-

129 3249 227 3313 diosis
243 3254 275 3311 et
288 3251 462 3313 mansuetis
479 3256 511 3314 et
526 3250 749 3314 sincerissimis
773 3251 922 3325 moribus,
948 3253 1114 3313 auctorata
1137 3248 1262 3314 scilicet

129 3341 162 3400 et
180 3335 338 3399 addictas
359 3335 554 3417 potionibus,
572 3338 757 3413 avaritiae,c
772 3336 948 3419 superbiae,
965 3335 1094 3417 stupris,
1112 3335 1261 3417 ignaviae

128 3427 161 3485 et
184 3423 290 3485 nescio
314 3421 431 3503 quihus
454 3423 763 3506 superstitionibus⁰
787 3446 850 3506 qua
872 3421 1033 3486 mussandi
1058 3420 1145 3485 horis
1167 3429 1261 3488 ante·

129 3509 250 3572 lucanis
274 3532 336 3590 qua
359 3508 454 3572 etiam
479 3510 616 3584 tacendi,
641 3522 675 3571 nt
699 3510 751 3572 isti
778 3510 854 3573 milri
880 3508 1035 3572 silentiusi
1059 3514 1157 3589 atque
1180 3509 1259 3572 ebrii

129 3596 296 3659 videantur
318 3618 386 3659 esse
411 3595 629 3678 llarpocrat-es.
677 3596 792 3670 Habes,
827 3595 962 3671 Urbane,
999 3617 1060 3658 non
1096 3594 1257 3678 illepidam

128 3681 307 3763 epistolam.
354 3681 417 3745 Fac
440 3682 554 3746 valeas.

283 3782 344 3836 rud.
364 3781 429 3837 Frcl.
450 3782 507 3837 114.

197 3970 313 4025 senato.
350 3974 511 4040 btanquam.
548 3989 561 4016 c
576 3973 599 4026 ci
617 3976 648 4026 st.
659 3971 686 4024 ti.
723 3970 940 4039 upriusquiuom.
983 3971 1150 4039 oprophano.
1191 3969 1261 4025 fed·

129 4040 208 4140 imi
228 4039 302 4175 llil]
322 4112 386 4161 sen.
408 4109 449 4179 rr,
467 4112 525 4165 aar.
597 4111 607 4143 ¹
627 4112 648 4162 1.
665 4109 730 4163 um.
750 4110 774 4174 5,
793 4110 832 4162 aa.
904 4108 1030 4161 aenaea.
1050 4124 1090 4176 cp.
1108 4109 1133 4163 e.
1153 4109 1179 4162 a.
