2774 4966
538 541 644 594 Mutiun
662 557 696 594 an
715 541 846 611 Spelatin.
1237 548 1255 610 7

235 713 398 774 spalatino
421 726 476 765 suo
494 715 602 767 latinis
619 717 718 768 literis
736 717 780 767 sio
798 717 920 768 erudito
939 722 975 768 ut
998 718 1205 769 eruditissimo
1223 721 1255 769 et

444 801 485 853 ad
502 815 637 865 unguem
655 805 753 865 polito
771 805 815 854 M.
833 805 944 856 Rutbs.

238 911 345 977 Tertio
373 914 434 991 die,
469 936 563 996 quarn
594 915 668 978 hinc
700 916 896 991 discesseras,
936 917 1006 979 dedi
1029 916 1067 978 ad
1093 919 1123 978 te
1147 915 1254 978 literas

127 997 273 1064 Othoni'
305 1021 384 1063 meo.
435 999 515 1063 Nam
549 1002 607 1064 etsi
637 1001 757 1065 nullum
790 1024 885 1084 grave
913 1002 1066 1065 habebam
1096 1001 1253 1065 scribendi

129 1090 368 1167 argumentum,
391 1086 579 1150 salutandus
603 1096 708 1151 tamen
734 1110 801 1151 eras
825 1088 1064 1151 benevolentiae
1086 1095 1118 1151 et
1140 1088 1254 1150 amoris

126 1193 212 1254 ergo.
259 1170 336 1234 Cras
372 1177 447 1252 puto
484 1173 603 1238 ridebis
638 1172 730 1237 istic²
763 1173 934 1249 Urbanum,
970 1196 1039 1237 curn
1072 1194 1135 1254 quo
1159 1172 1254 1236 debes

124 1259 312 1321 societatem
336 1259 427 1321 coire.
472 1259 601 1323 Praeest
624 1261 705 1323 enim
740 1260 946 1324 dominationi
978 1259 1198 1341 amplissimae,
1223 1265 1254 1320 et

125 1345 212 1426 quod
237 1344 353 1407 defecit
368 1365 388 1407 a
403 1344 546 1408 barbaris
559 1343 579 1420 ³,
603 1347 719 1426 quibus
737 1352 784 1409 est
801 1347 1035 1421 infestissimus,
1059 1344 1254 1408 hauddubie

125 1431 228 1493 stabit
257 1431 298 1493 ab
322 1430 463 1494 eruditis.
516 1431 617 1506 Vides,
642 1433 814 1514 Spalatine,
839 1455 931 1513 quarn
956 1433 1022 1494 sint
1044 1431 1186 1494 homines
1209 1432 1252 1493 rei

126 1516 294 1580 familiaris
317 1517 453 1579 studiosi
477 1524 508 1580 et
530 1518 624 1581 avidi.
671 1518 775 1582 Etiam
800 1519 831 1593 ii,
856 1520 909 1602 qui
932 1517 1108 1581 ascendunt
1123 1518 1163 1580 ad
1178 1539 1251 1599 gra·

125 1602 202 1666 durn
226 1601 375 1678 doctoris,
400 1625 462 1665 non
487 1607 552 1666 tarn
576 1604 695 1684 gloriae
712 1613 743 1666 et
759 1606 937 1686 integritati
954 1624 1048 1685 quam
1065 1604 1251 1684 compendio

125 1711 184 1752 suo
219 1689 345 1751 studere
379 1688 534 1752 videntur.
588 1690 698 1770 ltaque
730 1712 786 1754 nos
821 1713 971 1773 pauperes
1004 1695 1036 1753 ct
1067 1691 1252 1752 innocentes

125 1774 255 1858 publice
283 1797 394 1838 sumus
416 1775 515 1839 odiosi
540 1781 572 1839 et
594 1777 702 1839 literae
731 1777 932 1840 humaniores
954 1780 1069 1839 sortem
1095 1776 1174 1838 male
1196 1797 1252 1838 au-

126 1860 235 1925 diendi
257 1860 406 1924 subeunt.
452 1860 546 1941 Virgo
570 1861 688 1925 nubilis
711 1869 744 1925 et
767 1863 903 1925 formosa
927 1868 957 1924 et
980 1861 1068 1942 cujus
1085 1861 1253 1943 praecipua

126 1948 184 2011 dos
208 1952 258 2010 est
279 1952 393 2010 sancta
415 1948 577 2029 pudicitia,
601 1949 690 2011 lacile
715 1950 895 2013 collocatur.
944 1950 984 2010 ht
1005 1954 1114 2011 contra
1135 1948 1253 2010 accidit

127 2033 271 2097 eruditae
295 2034 457 2097 vetustati.
504 2032 653 2110 Quamvis
676 2035 758 2098 enirn
785 2035 859 2098 haec
877 2035 941 2098 lilia
966 2041 1072 2096 nostra
1098 2034 1194 2114 proha
1211 2034 1253 2096 sit

127 2127 161 2183 et
183 2119 286 2182 nitida
309 2125 340 2182 et
364 2120 599 2183 circumamicta
623 2122 773 2185 varietate
795 2121 1012 2204 pulcherrima,
1038 2143 1128 2183 nemo
1145 2125 1249 2182 tamen

127 2213 189 2280 est,
211 2206 265 2286 qui
289 2210 379 2288 petat
401 2206 467 2270 dari
490 2228 557 2270 eam
582 2208 642 2269 sibi
666 2208 696 2269 in
720 2209 964 2271 matrimonium.
1007 2205 1104 2287 ,Tota
1122 2206 1252 2288 pulchra

127 2316 170 2368 es,
193 2293 295 2355 amica
318 2314 397 2367 mea,
420 2301 452 2355 et
468 2292 589 2356 macula
607 2315 668 2356 non
686 2301 734 2356 est
758 2295 788 2357 in
813 2293 892 2369 te“,⁸
915 2302 946 2356 et
963 2299 1066 2355 tamen
1085 2292 1252 2355 illocabilis

128 2394 160 2442 et
183 2379 223 2440 ab
247 2378 505 2443 adulescentibus
528 2381 698 2462 praeterite
721 2402 830 2443 manes
853 2381 934 2463 apud
962 2401 1026 2441 nos.
1073 2378 1171 2442 Nemo
1194 2386 1251 2452 nst,

133 2466 186 2548 qui
209 2465 318 2548 cupiat
341 2464 532 2547 prehendere
554 2466 712 2529 auriculas
735 2471 768 2530 et
789 2467 967 2549 adaequare
990 2465 1102 2528 labella
1119 2464 1251 2528 labellis.

135 2553 179 2615 sd
202 2551 422 2634 quaestuariae
445 2552 546 2634 lupas,
578 2553 636 2615 hoc
664 2559 712 2615 est
735 2553 908 2618 altercandi
932 2557 1015 2616 artes
1038 2553 1181 2614 certatim
1202 2551 1251 2631 ju·

131 2645 242 2701 ventus
270 2638 410 2702 confluit.
469 2638 530 2702 Nec
558 2639 644 2701 videt
674 2638 761 2703 labes
788 2640 923 2703 violatae
952 2638 1121 2720 pudicitiae
1151 2659 1253 2719 neque

131 2725 226 2788 sentit
253 2724 378 2787 foedum
408 2725 560 2788 meritorii
588 2727 683 2788 scorti
712 2725 847 2799 odorum,
879 2725 934 2789 sed
965 2724 1045 2788 forte
1074 2723 1251 2787 dissimulat

134 2816 252 2874 etcum
275 2810 468 2894 Vespasiano
491 2811 538 2873 vel
564 2834 580 2872 e
602 2811 680 2874 lotio
704 2817 886 2892 congestam
917 2811 1081 2892 pecuniam
1108 2833 1170 2872 non
1195 2832 1252 2892 pu·

137 2904 196 2960 tere
223 2898 404 2960 arbitratur.
459 2897 545 2960 Adeo
576 2897 677 2960 dulcis
700 2904 749 2961 cst
771 2899 837 2961 auri
861 2921 950 2961 sacra
974 2896 1083 2959 fames.
1130 2895 1254 2958 Themi-

136 2984 242 3047 stocles
258 2979 442 3066 exagitatus
464 3007 484 3045 a
505 2989 620 3046 cuncta
643 2983 774 3047 Graecia
798 2984 838 3048 ad
863 2985 1060 3047 Artaxerxen
1078 2985 1108 3046 in
1128 2981 1253 3045 Perside

138 3070 214 3133 venit
237 3071 436 3150 donatusque
459 3074 507 3133 est
528 3069 568 3132 ab
589 3091 625 3132 eo
649 3070 821 3149 Magnesia,
846 3071 1019 3151 Lampsaco
1035 3082 1058 3140 ²,
1082 3068 1211 3151 hlynnte
1225 3069 1253 3145 ¹³,

139 3155 230 3219 tribus
252 3179 315 3219 non
339 3155 580 3219 contemnendis
606 3155 748 3230 urbibus,
780 3179 850 3219 oum
875 3158 924 3219 his
948 3157 1061 3228 verbis,
1095 3165 1130 3218 ut
1154 3156 1252 3236 prima

143 3262 251 3320 panem,
282 3242 421 3306 secunda
449 3242 566 3312 vinum,
597 3244 690 3305 tertia
721 3244 888 3305 obsonium
921 3242 1092 3323 praeberet.
1137 3240 1253 3322 Magna

143 3350 205 3390 sane
227 3328 302 3391 haec
325 3333 454 3391 suntet
477 3329 581 3410 opima
605 3328 767 3390 beneficia.
815 3329 877 3392 Sed
902 3327 1096 3390 Bartholns⁵
1122 3333 1153 3389 et
1176 3327 1252 3408 Spe-

144 3412 285 3484 culator'.
307 3436 416 3496 regum
440 3436 537 3496 reges,
561 3414 702 3495 gentium
727 3420 758 3476 et
776 3415 960 3496 populorum
979 3413 1108 3486 domini,
1133 3413 1250 3493 majora

146 3506 298 3577 praestant.
346 3499 508 3580 Vergilius,
539 3498 656 3574 Cicero,
688 3499 796 3563 Livius
830 3502 970 3563 esuriunt
996 3500 1081 3569 nudi,
1111 3522 1166 3560 nec
1191 3501 1253 3562 vic·

146 3590 200 3648 tum
226 3609 280 3650 nec
307 3587 457 3649 vestitum
488 3607 545 3648 nec
574 3586 741 3649 calciatum
773 3586 977 3667 elargiuntur.
1022 3587 1124 3660 Quare
1151 3585 1177 3647 si
1208 3587 1252 3647 vi-

147 3669 221 3733 detur
242 3694 388 3754 promove
410 3672 449 3734 ad
473 3671 544 3735 lites
574 3678 606 3734 et
635 3673 736 3735 scribe
770 3671 920 3735 formulas
954 3671 1127 3734 illiteratos.
1174 3670 1251 3733 Nam

149 3755 196 3819 nisi
225 3765 327 3822 noster
355 3758 501 3823 Urbanus
528 3765 560 3820 te
589 3759 717 3820 novitiis
754 3758 1035 3821 contubernalibus
1067 3757 1131 3818 suis
1164 3779 1252 3837 prae-

149 3840 247 3918 fecerit,
284 3846 387 3926 ,unde
420 3844 513 3907 miser
548 3844 642 3919 vives,
681 3844 774 3907 homo
808 3845 898 3919 lidus,
933 3851 1036 3906 certus
1069 3841 1251 3907 amicus‘?“⁷

148 3928 196 3992 unt
229 3931 326 3994 habeo
362 3930 528 3994 consilinm
568 3930 668 4006 alliud,
707 3952 770 4012 quo
809 3938 839 3993 te
876 3931 1046 4011 impertiar.
1106 3928 1252 3992 Animum

199 4184 355 4239 ⁸Lamsaon.
394 4184 527 4238 bhintha.

201 4273 208 4302 ¹
224 4270 271 4324 un
288 4272 403 4326 Gotbaer
420 4271 493 4337 Bote,
512 4271 538 4323 in
558 4271 598 4323 ln.
623 4271 670 4322 124
688 4275 748 4324 tlttn
766 4271 863 4338 Caspios
880 4273 1000 4336 gonannt.
1075 4271 1132 4321 ‘ln
1151 4269 1249 4321 Erlnrt.

144 4351 176 4387 wo
190 4339 244 4393 sich
267 4339 300 4394 U.
320 4340 348 4393 in
371 4341 527 4394 Gescbtilton
552 4339 677 4392 nurreilen
703 4340 821 4393 authielt.
927 4339 1059 4403 ³Spricht
1082 4340 1164 4402 datur,
1190 4340 1251 4389 dass

142 4403 218 4461 trun
245 4411 312 4463 noch
334 4409 410 4462 nicht
432 4409 507 4477 lango
533 4414 608 4460 nntcr
630 4408 745 4460 llutinns
762 4408 903 4476 nnloitnng
921 4409 946 4480 in
966 4409 1012 4460 das
1031 4408 1114 4475 hager
1131 4408 1177 4459 der
1197 4405 1251 4457 llu-

145 4478 263 4532 muristen
280 4479 479 4547 iihergegungen
499 4495 560 4531 nar.
632 4477 751 4530 ⁴llohel.
771 4480 795 4543 t,
815 4480 837 4530 7.
908 4476 991 4528 ³s3
1011 4480 1074 4528 ts».
1145 4474 1252 4527 tllnilt.

139 4542 237 4601 hermu
255 4548 403 4615 (Butuntis)
421 4549 440 4609 t
461 4548 533 4612 lusu,
553 4546 648 4598 italien¹
668 4546 757 4598 lurist.
830 4548 838 4578 ²
858 4546 930 4601 hlart.
953 4545 995 4600 ll'.
1015 4549 1039 4599 ἴ),
1058 4550 1081 4600 tl,
