2774 4966
377 653 484 719 hlutian
503 678 536 716 au
556 649 680 728 Ebeling.
717 650 822 714 blutian
841 675 875 713 an
895 659 982 727 hang,
1185 651 1248 727 605

116 835 273 902 Deliacoz¹
299 835 333 899 id
355 834 441 916 quod
458 854 622 916 nunquam
639 831 716 897 mihi
732 831 911 896 faciendum
929 833 1104 914 patavine
1121 833 1248 916 ineptus

117 923 221 987 venali
245 926 278 986 et
303 919 432 986 sordido
456 920 530 983 stilo
553 919 725 982 latinitatis
744 918 949 981 sanctitatem
965 917 1145 997 polluerem.
1183 917 1246 983 Sed

116 1014 217 1072 taceo.
268 1005 315 1069 Tu
350 1028 400 1069 me
434 1005 593 1069 faventem
627 1009 659 1066 et
694 1003 880 1066 benevolum
914 1002 1024 1078 habes,
1058 1011 1094 1066 ut
1126 1025 1249 1087 semper

118 1093 270 1171 habuisti,
304 1092 372 1154 sive
406 1112 475 1154 cum
511 1091 684 1172 pecuniosa
720 1093 753 1151 et
786 1088 906 1151 nefaria
940 1089 1142 1168 corruptione
1175 1112 1247 1153 cum

120 1178 241 1242 furioso
263 1184 295 1241 et
318 1177 442 1258 perdito
465 1175 622 1256 dejectura
638 1172 746 1254 elogii²
770 1174 920 1237 cecideris
935 1174 967 1235 in
985 1173 1053 1236 acia
1069 1175 1135 1238 sive
1152 1196 1248 1256 penes

120 1269 152 1327 te
175 1269 207 1327 et
230 1263 362 1327 clientes
385 1261 511 1324 steterit
532 1260 674 1322 victoria.
720 1257 806 1321 Bene
830 1260 907 1322 vale.

973 1341 1146 1407 Marianus.

275 1445 427 1514 Autograph
447 1445 493 1496 auf
509 1444 555 1497 dor
574 1443 719 1512 Meiningor
737 1441 1043 1510 Gymnasialbibliotholr.

122 1650 237 1720 (oona.)
648 1632 720 1696 538.
1069 1647 1133 1717 (dai
1154 1649 1251 1718 roret)

504 1760 648 1831 Mutinn
670 1779 719 1830 au
741 1758 875 1845 Lang.³

121 1888 302 1957 (Beprrlsaunp
319 1887 363 1940 des
380 1904 466 1942 neuen
484 1887 586 1941 Probra.
607 1885 693 2022 Aulia
712 1879 821 2016 rnojpen
838 1886 887 1939 elaea
905 1885 1037 1939 beatreben.
1074 1885 1254 1940 maranum

632 1973 652 2008 n
665 1972 755 2023 rupen¹

199 2070 316 2121 Joannl
332 2071 441 2132 Longo
459 2069 649 2121 Aurelianae
665 2068 795 2120 teudoni
812 2067 972 2129 praefecto
991 2071 1061 2127 eto„
1078 2068 1178 2119 amico

591 2153 786 2206 decumano.⁴

228 2264 314 2329 Bene
337 2265 443 2329 habet.
490 2267 618 2330 Excidit
642 2265 717 2329 mihi
744 2267 920 2329 nummaria
943 2265 1055 2328 messis
1079 2263 1254 2328 consecrati

125 2348 235 2431 templi
261 2353 366 2415 vestri.
412 2351 508 2415 Nefas
531 2358 624 2416 esset.
648 2352 674 2414 si
698 2373 765 2415 sese
788 2353 853 2414 dux
877 2354 910 2413 et
932 2356 1136 2413 conservator
1150 2350 1255 2431 gregis

125 2435 325 2500 subduceret.
371 2436 509 2501 Ornabis
542 2437 757 2500 celebritatem
798 2441 854 2500 tua
886 2434 1088 2518 praesentia‘
1121 2435 1255 2532 ltaque,

125 2526 160 2584 ut
192 2520 287 2585 hodie
318 2522 475 2603 bilingues
504 2544 573 2587 esse
603 2544 847 2604 perseveremus,
877 2523 980 2602 χαῖρε,
1011 2516 1171 2583 ἐπιστατα
1192 2516 1256 2582 τῶν

123 2604 292 2682 μοναστῶν
320 2603 374 2669 καὶ
405 2596 584 2670 διδάσκαλε
619 2604 685 2668 τῶν
722 2605 942 2685 σχολαστικῶν
984 2602 1257 2670 Erfurdiensium.⁸

129 2689 216 2765 Cras,
240 2693 267 2755 si
290 2693 427 2769 vacabit,
451 2698 483 2757 te
506 2692 654 2757 salutabo
677 2692 726 2756 vel
750 2715 787 2756 eo
809 2693 955 2769 maxime,
985 2698 1020 2754 ut
1043 2691 1081 2754 de
1102 2691 1203 2754 literis
1226 2697 1259 2756 et

128 2775 264 2839 literatis
280 2777 506 2861 colloquamur.
554 2777 659 2860 Caput
674 2777 945 2841 confabulationis
961 2778 1021 2841 erit
1037 2774 1256 2840 bibliotheca.2

130 2861 215 2924 Heus
248 2861 366 2944 Lange,
401 2865 513 2944 quanti
548 2862 771 2928 Athenaeus?⁸
820 2862 901 2939 Quid
935 2862 1090 2945 imprimit
1121 2860 1258 2925 Witten-

130 2946 236 3028 berga,
275 2948 352 3029 quid
389 2949 504 3031 Lipsis‚
542 2949 618 3031 quid
659 2947 861 3025 Frobenius‚⁸
899 2948 976 3030 quid
1013 2945 1258 3011 Anstrelmusn·

129 3031 211 3108 Quid
247 3033 368 3111 venale,
402 3035 477 3116 quid
513 3033 621 3111 habos,
657 3034 734 3117 quid
769 3038 928 3115 expectas,
966 3033 1042 3114 quid
1076 3031 1258 3114 profiteris?

128 3116 163 3181 Si
187 3124 219 3182 te
243 3119 323 3183 bone
346 3119 430 3196 novi,
464 3119 592 3183 docebis
628 3126 802 3200 rogantem.
838 3140 920 3201 quae
954 3118 1064 3183 nescit.
1110 3117 1201 3194 Quod
1232 3118 1260 3181 si
1370 3140 1378 3153 ·

129 3203 178 3267 vel
201 3209 257 3267 tua
280 3205 412 3286 negocia
435 3203 483 3268 vel
508 3227 577 3268 mea
608 3205 729 3269 desidia
758 3226 961 3286 congressum
992 3203 1260 3284 interturbaverit,
1361 3251 1365 3259 .

199 3489 399 3553 ¹Sbmmerin,
425 3491 485 3543 dom
510 3491 553 3543 die
577 3491 687 3544 hochsta
713 3489 893 3544 Enteohoidun
935 3489 1001 3544 iiber
1018 3489 1065 3544 das
1082 3488 1158 3543 Hans
1175 3487 1260 3559 oblug,

129 3557 192 3608 oder
218 3558 337 3613 Voltzke.
374 3507 432 3626 lgr.
451 3575 484 3611 zu
503 3559 545 3611 Br.
564 3560 623 3614 490.
694 3559 772 3612 ¹Die
796 3574 847 3611 von
903 3575 961 3613 ,an
979 3560 1039 3612 dem
1063 3557 1154 3612 Hanno
1179 3572 1258 3628 ungo·

130 3624 237 3678 brachio
249 3627 374 3681 lnsehritt
386 3627 449 3696 (vgl.
467 3626 510 3682 Br.
530 3627 594 3680 224:
612 3627 676 3681 »uisi
688 3626 798 3681 Beatam
809 3627 1044 3696 Tranquillitutem,
1058 3641 1136 3696 quern
1149 3625 1258 3680 titulum

130 3692 205 3745 dabis
240 3695 356 3757 aedibus,
392 3695 601 3764 contempserit«)
635 3695 739 3749 seheint
773 3711 824 3748 ron
860 3696 908 3749 dor
936 3695 1109 3765 Gegonpartei
1138 3694 1261 3774 bcseitigt

130 3760 235 3814 worden
254 3778 287 3815 zu
304 3763 369 3818 soin.
441 3763 545 3817 ”Nnch
570 3765 630 3817 dem
658 3763 791 3832 Eingaugo
816 3764 863 3816 doe
879 3763 922 3817 Br.
941 3764 1046 3817 soheint
1064 3763 1122 3817 sioh
1140 3762 1214 3831 Lang
1230 3780 1259 3816 ιιι

131 3829 217 3883 Gotho
234 3830 364 3884 befunden
382 3848 416 3884 zu
433 3833 527 3899 haben,
546 3849 586 3885 wo
604 3832 663 3885 sich
680 3833 749 3884 auch
769 3831 869 3884 Luthsr
886 3832 989 3885 damula
1014 3831 1134 3891 arithielt.
1157 3828 1260 3885 diutino

130 3897 193 3951 aber
212 3914 266 3950 war
282 3915 312 3951 es
328 3899 460 3964 outfallou,
478 3902 539 3954 dass
557 3901 630 3969 Lang
648 3900 769 3953 ntchstcr
785 3900 806 3953 Τ
839 3916 853 3952 o
873 3900 969 3953 wieder
992 3901 1061 3953 nach
1085 3899 1174 3953 unum
1199 3915 1260 3953 aum

130 3966 206 4019 Festo
226 3967 273 4019 der
290 3966 482 4036 Tempelweihe
499 3973 607 4022 museto.
643 3968 760 4022 Doshalb
779 3968 810 4020 w'
850 3983 879 4021 er
896 3968 943 4021 ihu
961 3969 1028 4022 noch
1047 3983 1090 4021 arn
1109 3968 1169 4036 folg.
1192 3967 1260 4036 Tage

130 4051 179 4088 vor
203 4035 290 4088 seinor
314 4036 422 4090 Abreiso
449 4037 583 4091 bosuchon
605 4038 669 4090 odor
685 4053 762 4089 weon
780 4036 827 4089 das
844 4037 919 4089 nicht
935 4037 1040 4105 angoht,
1058 4037 1108 4091 soll
1124 4036 1199 4104 Lang
1216 4036 1263 4090 auf

131 4102 221 4155 diesen
239 4103 284 4156 Br.
311 4104 378 4157 rraoh
404 4105 492 4160 seinor
518 4105 658 4159 Riicklrohr
686 4105 753 4159 nach
780 4104 868 4158 Erlurt
894 4109 1046 4159 antwurtan.
1116 4106 1260 4158 ‘Auasere

130 4171 252 4225 Adresae.
316 4176 327 4205 ⁶
344 4173 420 4226 Naoh
438 4174 498 4226 dem
516 4178 598 4226 unteu
615 4174 674 4243 tolg.
694 4170 744 4226 Br.'
755 4173 808 4227 550
825 4189 879 4226 war
896 4173 934 4225 im
950 4173 974 4227 J.
995 4174 1061 4227 inlr
1080 4173 1122 4225 die
1139 4171 1260 4295 'l'omffi

131 4240 417 4295 iceiheamli'.ll1ai.
482 4243 591 4311 ⁶Lung,
611 4242 706 4295 bereits
723 4242 760 4294 irn
779 4240 853 4295 Febr.
873 4242 928 4295 desi
966 4242 1024 4296 iart
1042 4242 1132 4295 wurde
1150 4243 1187 4293 im
1251 4240 1256 4251 '

134 4308 200 4361 1516
226 4326 277 4362 von
303 4310 405 4363 Luther
430 4326 490 4363 zum
517 4310 593 4364 Prior
635 4310 739 4363 cweiht
776 4309 834 4364 Vl.
858 4309 905 4363 Nr.
948 4310 988 4362 22.
1060 4308 1147 4363 'uon
1174 4309 1261 4379 lange

134 4375 284 4430 Bibliothsk
301 4379 382 4431 reden
400 4379 469 4432 auch
486 4380 530 4432 dic
547 4379 606 4447 lolg.
649 4378 712 4432 riefe
730 4326 865 4431 mebriaoh
884 4394 906 4430 z.
925 4377 954 4432 B.
975 4379 1035 4432 544.
1071 4377 1121 4431 Dia
1139 4377 1261 4446 hohoga,

134 4443 234 4497 welche
258 4445 360 4499 Mutian
386 4447 451 4499 iiber
467 4447 511 4500 die
528 4448 628 4516 Aulago
652 4448 724 4500 einer
746 4446 896 4500 Bibliothelr
913 4461 948 4499 au
966 4445 1094 4499 &achlin
1118 4445 1190 4498 stelit
1207 4446 1263 4515 (13.

132 4511 202 4579 Sept
232 4515 306 4568 1516.
344 4515 401 4582 Vgl.
425 4515 451 4569 S.
475 4516 527 4569 482
551 4520 581 4568 Δ.
605 4519 665 4569 ῦιι.
685 4514 730 4568 Nr.
755 4515 825 4583 623),
852 4514 956 4567 schrint
983 4515 1088 4568 hieraul
1111 4513 1184 4567 Bezn
1228 4529 1265 4567 zu

133 4581 226 4634 haben.
298 4583 373 4636 ”Ed
392 4599 429 4651 pr.
448 4584 513 4637 Van.
532 4584 591 4638 Ald.
612 4585 685 4637 1514.
757 4583 845 4636 'doh
873 4581 1034 4647 Frobeuius,
1048 4581 1169 4633 meseum
1207 4578 1283 4627 scom-

135 4649 254 4706 drucker.
329 4657 348 4684 ¹⁰
364 4651 477 4706 Thomas
495 4651 634 4723 Auchehn,
651 4651 848 4706 Buchdrneher
865 4667 905 4704 uo
918 4649 1071 4718 magenes.
