2774 4966
556 664 660 723 Mutien
680 684 714 722 an
733 669 832 724 Urban.
1196 644 1256 742 29l

134 844 169 907 ln
194 845 285 906 tanto
309 840 489 906 discrimine
513 862 582 904 cum
607 845 713 905 essent
735 840 970 918 Eisenacenses
994 844 1065 908 dedi
1088 845 1195 910 literas
1216 847 1257 911 ad

134 930 330 993 Delectorem
362 927 483 1008 imperii
516 926 626 1009 plenas
653 927 866 991 affectionum.
912 929 994 993 Audi
1025 954 1151 1013 quaeso,
1180 934 1255 1014 quid

135 1016 253 1079 facturn
283 1017 333 1078 sit.
379 1012 615 1076 Obstruxerant
647 1015 730 1075 viam
764 1014 982 1092 Oswaldistae‚
1013 1025 1048 1080 ut
1075 1019 1119 1081 ita
1143 1018 1255 1095 dicam,

134 1124 174 1165 ne
216 1101 322 1165 aditus
368 1103 452 1162 esset
488 1099 526 1161 ad
567 1100 690 1162 veniam
729 1106 760 1162 et
798 1100 995 1165 clementiam
1042 1105 1255 1186 principalem.

135 1187 335 1251 Weisennius
369 1184 558 1248 consularis'
596 1185 712 1248 frustra
745 1187 872 1267 petebat
891 1188 1059 1269 janitorem
1083 1190 1171 1254 ducis
1194 1193 1257 1273 pri·

135 1274 235 1337 marii.
280 1272 346 1336 lmo
378 1272 464 1334 adire
496 1293 556 1334 non
589 1271 733 1334 dabatur.
779 1272 888 1354 ltaque
921 1275 987 1337 adit
1020 1276 1115 1338 alium
1151 1278 1257 1341 n'escio

135 1381 228 1441 quem
263 1359 324 1421 sibi
361 1358 533 1449 cognitum.
579 1357 609 1419 ls
643 1358 832 1421 observabat
866 1361 1076 1441 egredientem
1102 1385 1117 1425 e
1140 1363 1257 1446 templo

136 1445 311 1529 principem
335 1450 367 1508 et
389 1443 497 1507 statim
531 1443 585 1505 dat
617 1443 734 1507 literas.
780 1445 826 1507 lbi
858 1449 968 1510 tantus
1003 1448 1148 1530 princeps
1183 1471 1257 1512 mox

135 1533 218 1594 bane
251 1552 358 1594 vocem
394 1529 508 1593 edidit:
546 1534 611 1599 „aas
639 1531 677 1589 ist
704 1550 797 1589 rastra
829 1529 985 1605 arcuatas²
1014 1534 1198 1614 informato&¹
1226 1539 1257 1598 et

136 1617 304 1682 exsultans
327 1617 530 1698 gestiensque
564 1637 637 1696 prae
672 1614 792 1677 laetitia
829 1616 963 1681 recludit
996 1625 1028 1681 et
1061 1619 1139 1700 legit
1176 1621 1257 1684 int-er

135 1704 283 1767 eundum.
330 1703 454 1765 Interea
475 1700 651 1763 celebratur
671 1701 835 1781 judicium.
881 1701 1042 1767 Pr·aesedit
1070 1705 1204 1770 Dhunus
1226 1714 1258 1770 et

136 1790 239 1853 clarus
268 1789 359 1853 miles
387 1784 550 1851 Wisbach³
579 1794 609 1847 et
640 1792 703 1848 tres
738 1788 908 1851 doctorelli.
956 1789 1123 1872 Principio,
1147 1815 1258 1874 quam-

136 1897 231 1959 quam
252 1875 350 1955 judex
377 1873 509 1948 sederet,
543 1879 672 1935 accusat
702 1872 844 1950 Dhunus,
876 1874 988 1939 deinde
1017 1877 1258 1957 loquacissimus

136 1962 312 2042 Kitzinger‚
368 1966 505 2024 ostremo
539 1957 714 2021 oswaldus.
762 1958 909 2023 Clamant
943 1983 1064 2026 omnes:
1100 1965 1255 2046 crucifige,

137 2048 295 2128 crucifige.
341 1984 452 2110 'lentis
476 2044 744 2109 concitationibus
767 2046 943 2109 animorum
967 2070 1023 2130 par
1045 2072 1112 2114 csse
1147 2051 1258 2115 Valen-

135 2137 224 2198 tinus
248 2154 310 2195 non
336 2132 440 2213 potuit
463 2131 511 2194 vel
535 2131 641 2213 potius
675 2130 786 2194 noluit.
832 2130 906 2212 Egit
938 2138 1055 2211 tamen,
1090 2141 1125 2199 ut
1154 2137 1258 2200 solent

137 2219 321 2284 mercenarii
344 2218 478 2300 patroni,
496 2224 532 2280 ut
547 2217 573 2280 si
590 2237 653 2279 non
677 2239 790 2279 causae
814 2218 985 2298 prodesset,
1009 2226 1114 2284 tamen
1138 2222 1257 2286 lucrum

137 2309 321 2389 reportaret.
377 2303 570 2367 Nesciebaut
602 2307 708 2365 autem
741 2303 793 2365 isti
825 2304 964 2382 rabulae,
1001 2307 1077 2387 quid
1115 2310 1259 2390 princeps

137 2396 302 2467 statueret,
328 2391 382 2472 qui
398 2395 505 2453 motus
528 2389 646 2452 nostris
669 2388 956 2469 supplicationibus
973 2392 1083 2465 voluit,
1100 2401 1133 2457 ut
1152 2415 1258 2477 nepos,

138 2500 215 2562 puer
248 2475 434 2550 Junonius‚⁴
472 2475 687 2538 intercederet.
732 2475 914 2540 Intercessit
951 2500 1177 2561 occursumque
1213 2488 1259 2544 est

139 2564 311 2628 violentiae
334 2569 366 2624 et
389 2563 519 2625 clientes
552 2562 611 2623 mei
646 2561 758 2624 solutis
794 2562 926 2625 vinculis
961 2564 1081 2627 dimissi
1118 2572 1193 2630 sunt
1227 2568 1258 2631 in

137 2650 283 2734 patriam,
309 2670 371 2712 non
402 2654 507 2711 tamen
536 2647 603 2709 sine
637 2647 772 2727 quadam
808 2650 1061 2713 comminatione.
1106 2650 1260 2716 lllirabilis

139 2741 224 2800 lama
260 2734 347 2798 volat
380 2734 417 2797 de
452 2734 512 2796 hae
546 2755 586 2817 re·
609 2738 674 2794 tam
710 2734 880 2813 insperata.
938 2735 984 2798 Ex
1009 2737 1081 2801 Orci
1115 2731 1260 2802 faucibus

140 2822 258 2887 redemi
282 2821 476 2883 innocentes.
522 2819 598 2882 lllilri
623 2818 731 2880 datum
756 2825 804 2882 est
826 2821 913 2897 nilril,
940 2822 1016 2885 nihil
1045 2825 1127 2886 enim
1159 2827 1259 2907 exegi.

140 2909 308 2973 Valentino
340 2906 406 2969 dati
434 2910 510 2968 sunt
532 2905 702 2975 Xfloreni.
749 2905 815 2968 Hoc
842 2906 911 2970 ideo
943 2909 1076 2987 narravi,
1103 2915 1139 2973 ut
1168 2914 1261 2975 sciret

139 2993 341 3059 Herebordus
375 2992 572 3055 serviendum
605 3013 673 3054 esse
696 2990 763 3054 foro
787 2997 818 3053 et
841 2994 953 3055 curiae.
998 2994 1074 3058 ludo
1106 2997 1259 3077 siquidem

139 3085 292 3164 quaestus
308 3078 494 3153 uberrimus,
510 3077 583 3140 binc
599 3077 702 3157 gratia
718 3086 749 3139 et
764 3080 938 3142 auctoritas
961 3080 1133 3145 deducitur.
1174 3084 1262 3146 Hanc

140 3166 309 3249 epistolam
345 3164 431 3229 nullo
465 3165 558 3226 modo
592 3162 729 3244 proferre
764 3162 868 3225 debes.
915 3163 1106 3230 Conunendo
1139 3175 1169 3231 te
1203 3171 1261 3232 deo

140 3257 213 3316 vivo
241 3258 274 3314 et
299 3257 334 3314 tu
358 3272 413 3333 pro
441 3272 499 3327 me,
529 3249 656 3330 quando
692 3271 761 3311 cum
799 3249 856 3311 deo
892 3250 1037 3331 loqueris,
1073 3254 1157 3318 velut
1191 3278 1260 3319 cum

139 3339 254 3421 llgeria
276 3359 331 3400 rex
354 3336 466 3412 Numa,
490 3337 582 3399 deum
605 3334 719 3398 orabis.
765 3334 828 3398 XV.
853 3336 917 3399 Cal.
945 3339 1061 3419 llprilis
1084 3339 1227 3405 lllllell.

294 3437 355 3489 (bd.
373 3435 439 3488 Frcl.
458 3436 516 3490 aa.

141 3626 256 3695 (aaran.)
664 3609 734 3673 ‘234-
1065 3628 1145 3695 ruem
1166 3632 1262 3700 rarae)

515 3737 656 3807 llutian
680 3758 727 3805 arr
756 3736 892 3807 Urban.

142 3867 208 3933 (Hac
232 3867 336 3920 Urbane
354 3866 435 3933 Baius
446 3867 509 3919 iiber
525 3867 567 3918 «lie
591 3867 806 3932 l'erlmadluupca
831 3867 876 3917 aar
901 3866 1024 3932 Ersarlcr
1050 3868 1185 3934 Tlrcolrpeu
1210 3872 1265 3922 aad

298 3936 359 3988 iiber
375 3937 445 3987 scrire
464 3936 649 4001 lbrrrlilmupca
669 3953 713 3987 am
735 3936 873 4003 Spoletina
893 3938 974 3988 buclae
993 3939 1110 4003 palasea.)

535 4052 662 4101 Urbano
681 4048 734 4116 (M.
753 4049 872 4116 Ruttrs).

247 4163 278 4227 S.
325 4161 425 4227 Tarde
458 4164 602 4239 lllraais‚⁵
637 4169 741 4228 tamen
776 4164 913 4228 reddidit.
946 4166 1019 4229 nrilri
1052 4166 1159 4229 literas
1192 4172 1264 4230 tuas

143 4251 349 4314 suavissimas
363 4251 432 4313 illas
447 4252 571 4331 quidem
591 4257 621 4313 et
640 4275 709 4312 rere
726 4257 872 4332 paternas
891 4251 995 4314 boram
1013 4258 1082 4333 post
1099 4254 1262 4334 septimam

143 4338 210 4400 sole
242 4336 370 4400 latente.
417 4336 486 4400 Vidi
517 4338 621 4400 'l'ilurn
652 4335 799 4400 blarium⁶
823 4338 853 4400 in
878 4343 963 4400 tacto
994 4344 1140 4401 stantem.
1186 4340 1263 4402 llum

214 4505 289 4560 ¹Cb.
312 4505 417 4573 Woyss.
444 4505 486 4558 Br.
506 4507 562 4560 929.
633 4506 798 4574 'Spalatins
870 4505 970 4558 ”ll'oll
994 4523 1043 4558 roa
1068 4507 1264 4564 ll'oisscnbach.

144 4573 183 4629 als
216 4574 301 4629 acas.
341 4575 484 4628 Gesaudtor
518 4576 634 4627 cruiilrrrt
668 4576 706 4628 bei
739 4575 946 4629 Burkbardt.
973 4575 996 4628 d.
1025 4575 1085 4627 tollo¹
1111 4577 1135 4627 l.
1162 4576 1187 4628 S.
1215 4578 1265 4629 375

144 4661 172 4700 u.
190 4647 214 4698 ὃ.
252 4646 262 4676 ⁴
279 4644 333 4698 ller
350 4643 479 4712 Kurprinz
496 4644 705 4698 lolaFriodrielr.
743 4648 753 4676 ⁵
771 4646 885 4697 liotlraor
903 4643 1012 4696 Fraund.
1031 4643 1128 4712 Vng.
1139 4645 1193 4696 ἨΞ
1207 4647 1275 4697 M«.

145 4713 293 4773 ‘Dietmaa
311 4713 358 4766 dor
375 4729 442 4764 nouo
460 4711 559 4767 bliotor.
573 4712 597 4766 S.
609 4715 657 4765 ’ΞΠ
671 4717 701 4765 Α.
711 4715 734 4766 3.
772 4714 825 4766 llas
842 4714 904 4781 lolg.
921 4713 950 4766 iu
967 4718 1041 4766 tor-tu
1053 4737 1083 4751 -
1093 4711 1292 4765 innitentem.

1008 4785 1081 4851 lb*
