2774 4966
126 634 146 700 2
463 620 550 690 Briete
568 633 609 689 bis
627 652 684 690 aum
705 632 804 690 Herbst
824 624 897 692 1505.

126 807 316 871 furibundus
339 814 372 871 et
397 809 544 870 incensus
567 808 677 871 effutio
701 812 756 870 aut
780 809 872 888 paulo
903 808 1051 871 lascivius
1079 809 1247 876 scribendo

128 916 304 976 peccamus,
328 894 472 976 protinus
495 893 661 956 Ambrosio
690 895 834 957 consulto
856 901 912 957 aut
935 895 1058 974 nigrum
1083 896 1159 958 mibi
1182 895 1247 960 cal-

128 981 232 1043 culum
262 1001 387 1062 appono
411 987 466 1042 ant
493 980 588 1041 errati
619 980 741 1042 reniam
772 986 867 1060 atque
899 980 1126 1059 indulgentiam
1163 982 1247 1064 apud

128 1066 355 1129 misericordem
381 1071 412 1128 et
435 1065 714 1127 clementissimum
747 1065 837 1127 deum
869 1065 1024 1145 religiosis
1051 1069 1082 1128 et
1106 1069 1248 1146 mysticis

126 1151 271 1233 precibus
306 1152 448 1231 impetro.
493 1151 526 1212 Id
550 1150 634 1230 quod
662 1152 863 1213 etiamnum·
897 1151 1078 1214 faciundum
1112 1152 1248 1216 arbitror

126 1237 267 1318 relegens
283 1236 448 1318 epistolam
465 1237 504 1298 ad
521 1242 552 1299 te
568 1241 719 1311 nostram,
737 1236 768 1298 in
786 1258 849 1317 qua
866 1257 923 1298 nos
940 1238 1051 1299 mirum
1070 1239 1101 1298 in
1118 1239 1246 1300 modum

127 1325 291 1386 verborum
310 1330 340 1385 et
357 1322 584 1384 sententiarum
610 1321 754 1397 dedecus,
777 1323 935 1404 probrum,
959 1324 1134 1405 turpitude,
1158 1325 1249 1403 igno-

128 1409 224 1472 minia
247 1408 292 1471 sic
314 1407 447 1471 offendit
465 1414 497 1469 et
511 1407 654 1471 stimulat
670 1414 702 1470 et
725 1409 848 1491 pungit,
872 1414 908 1472 ut
932 1429 992 1472 non
1018 1421 1080 1471 tam
1106 1412 1247 1473 urbanus

126 1517 220 1577 quam
250 1515 366 1571 scurra,
400 1514 461 1555 non
486 1500 551 1556 tam
574 1492 697 1575 lepidus
727 1515 821 1575 quam
853 1493 1019 1576 impudens
1042 1501 1073 1558 et
1096 1494 1248 1559 ridiculus

126 1579 291 1644 cavillator
307 1579 406 1642 fuisse
423 1579 538 1642 videar.
576 1577 773 1660 Quamquam
790 1580 949 1643 amicitiae
964 1581 977 1618 ¹¹
1000 1586 1166 1663 praetextu
1184 1603 1246 1645 non

127 1672 242 1729 temere
272 1672 304 1729 et
333 1666 506 1747 procaciter
539 1663 686 1727 libertate
719 1665 777 1728 sim
813 1688 898 1728 usus
957 1665 1117 1729 Damnans
1150 1668 1249 1748 igitur

127 1753 341 1834 ineptissimas
364 1750 609 1830 licentiosasque
624 1750 732 1813 literas
748 1749 946 1814 Ambrosium
965 1775 1067 1814 meum
1091 1754 1247 1826 consului,

127 1838 290 1902 venialene
311 1837 342 1902 id
367 1841 508 1900 nostrum
532 1859 572 1899 an
596 1836 726 1918 poenale
749 1843 911 1918 peccatum
936 1837 1024 1901 foret.
1070 1838 1248 1920 Respondit

128 1925 314 1987 mitissimus
347 1922 490 2005 pontifex
523 1922 639 1986 affectu
673 1927 815 2004 paterno,
838 1944 856 1986 o
879 1945 974 2006 quam
1005 1924 1120 1988 blande
1152 1947 1247 2007 quam

127 2010 344 2092 indulgenter:
382 2009 538 2090 „Venialis
572 2013 621 2071 est
653 2008 754 2090 culpa,
789 2030 882 2089 quam
918 2011 1062 2091 sequitur
1094 2010 1248 2094 professio

126 2095 356 2159 delictorum.“'
390 2093 476 2171 Quae
493 2116 588 2177 quum
606 2094 652 2158 ita
668 2093 816 2165 habeant,
835 2094 959 2159 Urbane
976 2095 1164 2169 dulcissime,
1181 2118 1249 2160 om·

128 2204 198 2245 nem
221 2183 365 2262 siquam
390 2181 536 2243 contraxi
560 2179 683 2261 culpam
709 2179 865 2261 benignus
888 2180 1005 2258 relaxa,
1026 2204 1065 2245 ne
1079 2183 1249 2247 Ambrosio

126 2269 262 2331 severior
292 2267 415 2330 veniam
448 2288 542 2347 neges
573 2266 716 2329 Mutiano
748 2266 921 2330 confitenti.
967 2269 1000 2331 ld
1024 2269 1108 2349 quod
1128 2272 1161 2331 te
1184 2269 1250 2332 sac-

127 2360 231 2416 turum
255 2374 311 2435 pro
335 2352 534 2415 humanitate
557 2357 613 2415 tua
635 2351 769 2415 confide.
816 2351 974 2435 Scriptum
998 2361 1047 2418 est
1069 2355 1165 2417 enim:
1193 2355 1248 2436 ,ln

126 2439 234 2502 multis
261 2438 449 2502 offendimus
480 2459 598 2511 omncs,
627 2448 659 2501 et
685 2439 740 2518 qui
763 2460 825 2501 non
848 2439 877 2501 in
908 2439 1002 2502 verbo
1033 2440 1198 2523 delinquit,
1221 2443 1250 2504 is

128 2525 281 2606 perfectus
309 2522 403 2587 est.“²
449 2523 596 2587 Sufficiat
625 2523 701 2587 baec
734 2523 891 2587 confessio
923 2546 1044 2607 nosque
1066 2526 1106 2588 ab
1130 2526 1247 2591 latratu

128 2611 272 2674 trifaucis
294 2609 420 2673 Cerberi
446 2611 592 2673 uindicet.
639 2609 721 2672 Vale.

281 2710 342 2764 Cod.
361 2708 425 2763 Frct.
445 2712 471 2763 5.

128 2847 244 2915 (Gotho.)
673 2830 701 2893 2·
1075 2847 1133 2915 (vor
1152 2848 1250 2913 ludat)

500 2939 643 3008 Mutian
667 2960 714 3009 an
739 2937 875 3009 Urban.

126 3051 313 3118 (Betroclrtung
331 3050 393 3103 ruer
409 3050 458 3103 den
476 3049 583 3103 Nummi
599 3053 643 3104 des
660 3052 694 3104 tl.
720 3051 836 3104 Vincerat
853 3052 894 3104 als
914 3051 985 3119 Stoff
997 3051 1045 3119 star
1061 3051 1118 3104 eine
1142 3051 1249 3120 Prcdrgt

437 3119 549 3173 Urbana.
587 3120 714 3188 lbdstrmp
728 3137 808 3189 gagen
829 3120 941 3186 Fetadc.)

432 3217 464 3266 Si
481 3218 647 3268 virbonus
664 3219 786 3276 beatus,

431 3286 559 3336 Urbano
576 3287 754 3336 beatissimo
772 3287 816 3337 Μ.
834 3285 944 3336 Rutus.

230 3378 261 3442 S.
307 3378 444 3442 Tantum
478 3382 556 3444 mibi
591 3381 743 3444 divinitas
772 3381 885 3449 faveat,
918 3387 1070 3461 quantum
1096 3402 1153 3462 ego
1177 3380 1246 3444 tibi.

127 3467 202 3547 Legi
229 3466 339 3529 diebus
362 3468 576 3548 superioribus
600 3469 695 3530 vitam
721 3466 753 3531 S.
777 3467 945 3530 Vincentii.
983 3466 1012 3528 la
1029 3489 1141 3529 nomen
1160 3490 1179 3528 a
1196 3465 1248 3528 de·

127 3556 209 3616 uicto
240 3552 356 3615 mundo
387 3555 517 3635 accepit.
565 3553 764 3634 ambiguitas
791 3554 893 3616 estin
918 3552 1023 3630 verbo,
1048 3551 1188 3631 etfacit,
1212 3559 1247 3615 ut

126 3642 167 3702 sit
190 3640 373 3710 enarranda,
408 3650 480 3702 tuus
504 3663 577 3719 erga
601 3662 649 3702 nro
671 3662 767 3702 amor.
814 3639 882 3701 Non
917 3640 1066 3701 mundum
1097 3639 1182 3713 vicit,
1211 3643 1249 3701 ut

126 3728 226 3808 inepti
250 3726 397 3794 dicerent,
422 3727 476 3806 qui
500 3729 544 3788 sic
568 3728 671 3788 dictus
687 3735 737 3787 est
751 3727 792 3788 ab
809 3727 975 3806 elegantia,
1002 3731 1035 3788 ut
1054 3724 1248 3806 Pythagoras

126 3814 224 3875 tradit
247 3819 277 3873 et
301 3811 422 3874 Plinius
445 3814 549 3885 refert,
577 3812 684 3892 „cujus
707 3813 909 3874 circumflexu
926 3818 1077 3891 teguntur
1094 3807 1248 3873 omnia.“³

129 3899 188 3961 l'os
224 3898 360 3977 religiosi
396 3899 545 3960 muudum
583 3906 685 3961 vestro
714 3899 784 3979 jure
817 3898 984 3980 appellatis
1020 3901 1181 3978 peccatum
1216 3903 1249 3959 ot
1316 3938 1323 3953 -

127 3985 250 4066 culpam
274 3983 322 4046 vel
348 3988 451 4065 potius
474 4006 597 4047 ornnem
622 3985 706 4046 vitae
730 3984 842 4059 labem,
867 3986 1033 4046 insanium.
1058 3982 1169 4056 scelus,
1193 3982 1248 4045 fla-

126 4073 249 4152 gitium,
274 4071 390 4132 sordes.
437 4069 526 4133 Unde
548 4071 688 4133 Joannes
705 4070 782 4134 dicit
797 4070 976 4150 superbiam
994 4074 1026 4131 et
1042 4068 1248 4150 cupiditatem

127 4164 193 4221 tum
211 4157 313 4219 carnis
331 4162 396 4219 tum
413 4156 574 4220 oculorum
591 4180 629 4218 cx
646 4157 764 4219 mundo
781 4178 856 4219 esse.
902 4154 963 4218 Sed
981 4161 1125 4218 auctores
1142 4155 1247 4217 idonci

129 4242 274 4306 scribunt
285 4242 326 4305 ad
339 4242 489 4305 mundum
508 4243 702 4317 muliebrem,
720 4242 856 4324 specula,
873 4249 1037 4322 unguenta
1049 4247 1085 4303 ct
1100 4241 1133 4305 id
1149 4261 1249 4321 genus

127 4336 240 4405 cetera,
264 4329 428 4409 pertinere.
468 4327 554 4410 „Non
573 4351 682 4391 aurum
701 4328 793 4391 modo
810 4327 890 4402 bis“,
907 4328 1016 4391 Livius
1033 4328 1147 4407 inquit,
1174 4325 1247 4406 „sed

193 4479 207 4507 ⁸
221 4464 300 4517 etiam
319 4479 390 4514 num.
457 4463 610 4515 bamicicie.
639 4461 714 4514 Dirce
734 4461 884 4514 Srlrreibart
901 4461 941 4513 ‘ira
958 4460 1028 4528 sulp..
1051 4476 1125 4512 werin
1143 4459 1249 4513 wieder·

125 4534 185 4595 tort,
202 4534 269 4586 tura
286 4532 367 4584 durch
376 4551 385 4583 :
405 4531 428 4584 ci
446 4536 478 4582 st.
497 4532 525 4583 ti.

197 4606 204 4634 ¹
224 4603 260 4655 lte
280 4600 410 4655 Paradiso.
430 4598 494 4668 opp.
513 4600 571 4653 Bas.
595 4601 658 4652 1555
678 4599 722 4658 lv,
742 4601 798 4653 111.
853 4599 934 4653 ’Jau
954 4601 978 4664 3,
997 4599 1020 4650 2.
1080 4596 1177 4651 ³Hist.
1196 4604 1247 4651 nat

125 4673 159 4740 ll,
182 4676 207 4738 1;
226 4687 321 4724 uouere
339 4670 431 4723 lesum
447 4671 544 4738 degunt
562 4673 593 4722 st.
612 4675 741 4737 teguntur.
