2774 4966
470 632 474 643 '
546 614 653 678 Mutfan
670 639 705 676 an
724 621 824 676 Urban.
1186 624 1248 690 189

123 798 230 863 fitetur
251 795 426 879 Apostolus
447 817 482 860 ee
504 796 685 877 imperitum
702 816 771 858 esse
786 815 939 870 sermone,
955 793 1010 856 sed
1026 814 1089 857 non
1106 795 1249 860 scientia.

124 884 209 948 llaec
231 889 281 945 est
303 881 478 946 christiana
496 882 661 944 modestia.
706 879 996 961 Eloquentissimus
1012 879 1130 943 Paulus
1146 882 1250 945 detra-

123 969 172 1031 hit
204 968 266 1031 sibi
300 967 425 1031 laudem
460 967 637 1029 facundiae.
683 963 737 1027 Sic
761 971 806 1038 tu,
830 965 876 1026 vir
904 963 1087 1045 apostolice,
1122 971 1247 1029 tantum

125 1054 223 1117 latino
247 1052 355 1115 ualens
379 1053 540 1124 idiomate,
564 1056 718 1132 quantum
743 1048 795 1111 ille
819 1070 931 1128 graeco
947 1050 1140 1130 praestabat.
1178 1051 1249 1115 Non

126 1144 173 1201 est
195 1139 301 1219 igitur,
326 1143 363 1199 ut
385 1137 442 1200 tali
467 1135 599 1218 posthac
627 1136 727 1197 utaris
755 1134 946 1196 defensione.
995 1134 1046 1195 Vel
1070 1138 1096 1196 si
1120 1138 1250 1198 omnino

127 1224 262 1304 gaudere
284 1223 333 1285 vis
355 1221 562 1304 simplicitate
585 1221 761 1295 verborum,
778 1225 904 1299 praesta
920 1219 1031 1281 saltem
1048 1221 1092 1301 pii
1109 1219 1250 1302 theologi

127 1307 335 1388 disciplinam,
359 1328 423 1387 qna
444 1305 517 1388 plus
539 1305 665 1386 quidem
695 1305 833 1367 delector
855 1325 949 1384 quarn
974 1303 1055 1366 fucis
1079 1312 1250 1384 oratorum,

125 1397 161 1456 ut
192 1392 328 1474 epistole
364 1390 529 1454 familiaris
566 1390 712 1453 coelestis
750 1389 870 1470 fulgore
906 1389 1069 1451 doctrinae
1102 1392 1251 1455 tenebras

128 1482 249 1541 nostras
272 1476 441 1540 illuminet.
489 1475 579 1550 Amo,
602 1497 666 1538 non
690 1476 835 1549 mentior,
859 1474 1107 1537 ecclesiasticum
1136 1476 1253 1557 dogma

127 1567 293 1644 cooptatus
327 1562 358 1623 in
391 1566 508 1624 sortem
544 1561 673 1623 domini.
729 1560 798 1634 Quo
832 1559 879 1634 fit,
915 1565 951 1622 ut
982 1560 1106 1642 ineptos
1141 1568 1252 1641 poetas

128 1648 269 1711 detester.
315 1647 437 1727 Legisti
452 1666 533 1762 opus
550 1645 709 1707 Hermolai
725 1646 863 1726 episcopi
880 1644 1092 1706 veronensis·
1131 1645 1252 1727 Legisti

129 1731 292 1815 epistolam
317 1729 471 1812 Campani
510 1731 669 1793 antistitis
688 1730 845 1810 Aprutini.
892 1730 937 1791 lle
960 1729 1140 1809 adloquor,
1171 1753 1252 1813 quae

128 1825 180 1894 est,
202 1821 353 1899 utputo,
375 1816 443 1878 Xll.
467 1816 673 1899 epistolarum
698 1814 751 1876 lib.
776 1813 842 1876 llll.
888 1813 955 1894 Ego
979 1814 1149 1878 stultitiam
1173 1839 1252 1898 quo-

130 1904 267 1975 rundam,
295 1901 352 1982 qui
380 1900 441 1964 sibi
471 1901 609 1964 lauream
640 1897 834 1975 assumunt,³
858 1921 949 1980 aegre
972 1899 1048 1978 fero,
1072 1905 1108 1962 ut
1130 1906 1253 1965 amator

129 1993 271 2050 aeternae
308 1987 462 2049 veritatis.
524 1984 664 2067 Culpant
700 1984 877 2063 theologos,
916 1985 1014 2047 sacris
1051 1984 1151 2047 literis
1190 2008 1251 2050 non

131 2073 258 2136 credunt
280 2072 425 2134 viventes
448 2070 668 2152 perditissime.
714 2068 788 2132 Scio
804 2071 871 2149 pari
890 2069 1057 2132 maledicto
1081 2070 1253 2151 subjacere,

130 2161 178 2237 qui
200 2159 287 2221 bona
312 2156 395 2219 mala
424 2157 545 2229 dicunt,
570 2159 602 2218 et
624 2155 694 2217 illos
723 2155 779 2235 qui
800 2155 884 2216 mala
908 2154 992 2216 bona
1012 2155 1167 2235 judicant,
1199 2159 1253 2237 qui

131 2241 248 2306 faciunt
274 2263 416 2305 amarum
441 2241 533 2304 dulce
556 2245 588 2303 et
611 2240 701 2302 dulce
731 2256 882 2302 amarum.
928 2239 995 2319 Ego
1025 2241 1071 2302 sic
1101 2241 1252 2305 decerno:
1293 2246 1296 2252 '

132 2327 278 2408 legendos
301 2348 369 2388 esse
392 2328 424 2388 in
449 2329 554 2388 aetate
577 2326 678 2406 prima
700 2325 832 2406 pudicos
855 2329 975 2406 poetas,
993 2325 1149 2389 sacerdoti
1165 2327 1254 2391 nullo

133 2413 217 2476 nodo
241 2411 403 2493 legendos.
442 2408 575 2487 Quaeris
598 2409 693 2490 hujus
716 2411 893 2472 sententiae
911 2410 1139 2473 testimonium.
1179 2410 1273 2475 Pro-'

132 2496 190 2561 fero
213 2497 439 2560 auctoritatem
464 2495 647 2576 Hieronymi
671 2502 703 2557 et
725 2494 908 2574 Augustini,
936 2516 1070 2576 quorum
1100 2499 1255 2577 posterior

132 2582 258 2646 damnat
281 2581 464 2663 episcopum
487 2587 700 2661 exponentem
721 2585 867 2642 auctores
883 2579 1037 2657 ethnicos,
1054 2582 1137 2662 prior
1154 2604 1227 2645 vero
1241 2595 1255 2623 ⁸

133 2669 170 2730 sic
193 2667 354 2748 loquitur:
380 2664 481 2747 ,Quid
505 2665 583 2727 facit
605 2686 676 2726 cum
701 2664 855 2727 l'salterio
878 2665 1039 2741 Horatius,
1063 2688 1133 2728 cum
1152 2667 1255 2730 Evan-

134 2751 216 2832 geliis
238 2751 339 2821 Maro,
363 2748 433 2813 cunr
451 2749 611 2831 Apostolis
628 2747 780 2812 Cicero‘?“
799 2757 830 2811 ot
847 2751 886 2812 ad
902 2750 1072 2813 Damasum
1098 2753 1253 2816 scribens:

139 2837 347 2914 ,haemonam
371 2836 461 2898 cibus
478 2841 527 2897 est
542 2834 683 2898 carmina
706 2834 899 2916 poetarum.“
942 2836 1058 2916 Excipe
1074 2836 1254 2917 Baptistam

137 2919 348 2997 llantuanum,
372 2921 425 3002 qui
442 2921 586 2995 virtutes,
605 2942 666 2983 non
685 2921 780 2983 etiam
797 2921 876 2982 vitia
893 2925 1056 2999 poetarum
1078 2924 1255 2986 aemulatur

139 3011 162 3069 et
191 3029 282 3070 verus
316 3005 474 3069 lsraelites
508 3007 600 3068 uxori
634 3007 780 3087 captivae
813 3005 977 3068 calvitium
1011 3007 1097 3084 facit,
1133 3029 1255 3088 ungues

141 3097 300 3170 praesecet,
324 3090 406 3173 pilos
428 3090 541 3166 aufert,
564 3095 601 3153 ut
625 3113 702 3172 pura
725 3095 803 3172 puta
834 3092 902 3153 sine
929 3092 1076 3154 sordibus
1111 3092 1256 3157 foveatur·

145 3175 193 3236 inb
215 3177 373 3260 amplexu.
418 3175 538 3239 Nasum
561 3178 702 3258 profecto
727 3197 789 3238 non
814 3175 920 3249 habet,
945 3178 999 3257 qui
1022 3177 1143 3239 illotam
1175 3180 1255 3259 pilo-

147 3281 258 3342 samque
281 3262 389 3324 futuit.
436 3260 489 3324 Sic
519 3262 574 3341 qui
603 3261 848 3341 graveolentiam
877 3263 981 3343 spurci
1011 3264 1159 3324 carminis
1190 3285 1253 3326 non

149 3349 237 3419 sentit,
260 3347 488 3410 rheumatismo
512 3346 647 3408 laborat.
693 3344 829 3408 Sanctos
846 3346 875 3408 h.
893 3369 919 3408 e.
938 3347 1074 3409 mundos
1091 3348 1256 3428 purificata

152 3449 262 3514 rasaque
300 3432 422 3495 decent.
479 3431 650 3512 Nunquam
691 3431 837 3493 revelabo
871 3432 1090 3511 theologorum
1129 3456 1255 3510 arcana,

155 3517 216 3590 qnod
237 3521 397 3600 poetaster
426 3515 629 3580 Philomusus
659 3517 744 3579 facit.
790 3516 917 3596 Jejunia
941 3524 972 3579 et
995 3520 1154 3580 orationes
1186 3519 1257 3581 libi-

156 3643 333 3663 N—

206 3722 312 3771 ¹autsm
330 3723 397 3771 stult
415 3733 476 3771 vero
496 3717 570 3769 Terra.
640 3717 694 3768 bin
712 3715 775 3782 fehlt
793 3715 835 3767 dci
853 3715 926 3768 Tmen.

209 3776 299 3840 ¹uosr
317 3785 475 3840 Hermolaus
493 3785 591 3839 aen-in
609 3801 691 3852 gegen
710 3785 752 3837 aas
770 3785 930 3837 mumma
947 3784 998 3851 vgl.
1017 3785 1042 3837 s
1064 3787 1113 3838 rra
1131 3789 1161 3839 r.
1183 3787 1222 3840 10.

161 3842 222 3903 'llen
236 3854 307 3908 Bn'et'
323 3856 370 3908 des
387 3854 447 3907 Joh.
466 3855 622 3921 Campanus.
643 3854 714 3904 einos
732 3852 829 3904 italien.
843 3853 1017 3904 Humanisten
1028 3855 1081 3906 und
1094 3854 1257 3906 laniatischou

161 3907 388 3977 hunhenhaesers
413 3923 459 3975 dos
485 3925 524 3975 15.
549 3922 602 3986 Jh,
629 3921 750 3973 Bisclrofs
777 3937 827 3974 von
854 3921 962 3973 Teramo
987 3922 1013 3972 in
1037 3922 1087 3973 den
1111 3922 1256 3988 Ahruzzcn,

206 4003 219 4038 u
241 3991 280 4044 die
304 3991 465 4045 Dichtluust
489 3991 539 4059 gab
567 3990 746 4057 Wimphcling
775 3992 839 4041 unu
858 3989 884 4040 in
905 3990 1003 4040 soincm
1023 3989 1117 4041 Struito
1136 3991 1184 4041 mit
1200 3992 1256 4043 dac.

172 4052 236 4109 nter
252 4059 421 4113 Philomusus
447 4059 550 4111 hornus.
587 4059 875 4111 Wishowntoff..1.
896 4057 1057 4123 W'unph.S.
1079 4058 1160 4111 rsus.
1199 4058 1256 4126 vgl.

163 4109 253 4179 B¹·138.
286 4127 398 4183 Mutian.
417 4128 507 4180 dorin
526 4128 576 4179 don
595 4126 697 4178 Bricfcn
723 4127 769 4178 dos
795 4127 889 4177 Jalnns
918 4128 984 4177 loru
1011 4127 1159 4192 iiber-haupt
1185 4127 1257 4179 soino

163 4180 260 4247 immersu
277 4195 510 4262 Anwandcluugcn
529 4196 575 4247 hat
593 4195 654 4261 (egl.
675 4195 717 4246 nr.
738 4196 797 4263 lat)
816 4194 886 4245 stollt
905 4195 961 4245 sich
982 4195 1029 4245 mit
1052 4196 1098 4245 dor
1121 4194 1257 4262 folgenden

163 4246 306 4353 herilung,
325 4265 387 4317 dass
405 4265 451 4316 der
468 4263 584 4316 Priestor
602 4263 676 4314 kcino
700 4263 820 4329 profancn
851 4262 959 4313 frictum·
984 4263 1054 4313 loson
1082 4264 1165 4326 ‹uir-te,
1192 4278 1257 4328 ganz

163 4322 196 4374 lul
212 4329 256 4383 don
280 4333 446 4400 brandpurrkt
473 4333 519 4383 dcr
545 4331 737 4384 l‘ootcnfcindo.
766 4348 839 4382 norm
868 4348 895 4381 or·
921 4332 988 4383 auch
1008 4333 1035 4382 in
1054 4330 1096 4383 lh.
1125 4331 1174 4383 139
1200 4331 1259 4383 eine

162 4391 257 4453 hdelnde
272 4401 441 4468 Bemeulruog
458 4416 540 4467 gcgcu
561 4400 740 4466 ll'impheling
757 4400 810 4451 hat.
841 4399 889 4450 llic
902 4399 1004 4465 gleichc
1018 4400 1129 4450 Arrsirzht.
1142 4400 1259 4450 uertocht

160 4454 237 4537 Ζῑρἰε,
254 4470 300 4522 dor
318 4469 345 4520 in
364 4468 436 4521 cinor
455 4469 613 4521 besoudcreu
634 4467 810 4534 abhandlung
828 4468 971 4528 arrsltihrtc,
984 4468 1045 4518 dass
1057 4468 1103 4518 dci·
1116 4467 1258 4518 Geistliche

159 4522 341 4603 lruoprotanen
349 4536 461 4589 Dichter
475 4536 547 4589 lesen
560 4538 642 4589 dilue.
672 4536 801 4603 Geigcr,
820 4534 995 4587 ltenaiessncc
1012 4534 1038 4587 S.
1057 4536 1115 4587 362.
1170 4533 1259 4586 ’Wio

157 4594 192 4651 dtr
203 4610 272 4670 posta
287 4605 421 4659 taureutus
438 4605 547 4658 lochen.
