2774 4966
173 645 215 709 94
560 636 646 696 Briel‘e
664 657 716 696 von
736 633 914 696 1505-1508.

174 818 366 882 enuntiatae
401 813 487 880 Satis
510 818 637 879 constat
659 813 859 898 Apollonium
884 813 1074 897 Tyaneumb
1095 817 1178 880 teste
1198 814 1308 883 Philo-

173 903 299 980 strato,¹
326 924 422 984 quum
446 901 529 983 apud
547 901 761 964 Domitianum
780 907 988 979 accusaretur,
1012 903 1044 965 in
1061 903 1130 985 ipso
1156 902 1305 985 judicioe

125 1006 135 1025 ⁴
175 992 281 1053 subito
312 989 478 1052 evanuisse
509 993 541 1050 et
569 988 752 1068 nusquamd
784 987 880 1051 fuisse
914 993 1126 1070 conspectum.
1185 988 1306 1055 Praabe

98 1068 103 1077 ’
176 1099 293 1140 aurem.
326 1075 395 1138 Non
413 1097 540 1155 possum
559 1097 621 1136 non
639 1073 759 1155 aliquid
776 1075 1033 1155 mystericoternn
1052 1098 1114 1138 uon
1132 1074 1303 1141 insufflare.

176 1163 266 1226 Plato
305 1167 336 1224 et
378 1161 561 1224 aristoteles
589 1167 620 1222 et.
653 1158 830 1223 Manichaei
869 1166 899 1223 et
939 1161 1123 1225 Ambrosius
1160 1163 1305 1228 sentiunt

177 1271 283 1312 rerum
308 1248 464 1311 hominem
489 1268 557 1308 esse
580 1248 730 1321 animum,
762 1249 826 1326 qui,
850 1247 875 1309 si
900 1251 1051 1318 tacemus,
1075 1269 1137 1311 non
1161 1254 1302 1331 apparel.

178 1335 292 1398 Tacuit
308 1334 506 1416 Apollonius,
531 1333 600 1395 iden
617 1333 702 1395 risus
718 1354 780 1396 non
797 1339 856 1396 est.
902 1333 999 1397 Verus
1017 1332 1161 1398 Christus
1176 1334 1303 1398 animus

175 1426 224 1485 cst
246 1428 277 1483 et
293 1422 432 1501 spiritns,
457 1420 510 1500 qui
530 1441 629 1500 neque
647 1419 866 1500 comprehendi
885 1441 988 1500 neque
1010 1421 1157 1484 manibus
1172 1422 1302 1485 tractari

175 1530 276 1589 neque
301 1507 397 1569 videri
422 1512 534 1585 potest.
581 1503 727 1568 Socrates
749 1505 943 1569 adulescenti
970 1507 1161 1588 ,Loquere“‚
1186 1509 1301 1590 inquit,

181 1603 233 1670 ,ut
256 1599 288 1656 te
312 1588 480 1655 videam.“²
526 1590 617 1654 Nunc
642 1590 801 1666 intelligis,
825 1590 961 1666 Urbane,
986 1592 1052 1656 solo
1076 1614 1135 1656 nos
1158 1615 1300 1658 sermone

175 1679 351 1762 patefacere
383 1678 521 1740 animum
551 1677 706 1759 deumque
740 1676 834 1758 hujus
870 1679 1000 1741 minoris
1038 1680 1145 1756 cosmi,
1180 1681 1234 1761 qui
1268 1681 1299 1744 in

174 1766 260 1830 coelo
283 1766 349 1827 sive
371 1765 506 1846 pectoris
529 1763 595 1825 sire
617 1763 744 1826 verticis
766 1763 900 1827 habitat.
946 1763 1035 1828 Unde
1058 1765 1190 1829 dicimur
1214 1766 1301 1830 coelo

175 1852 354 1926 familiares,
389 1851 415 1913 si
455 1849 661 1931 spiritualiter
697 1850 744 1912 rel
792 1850 1007 1932 philosophice
1044 1852 1092 1915 rel
1129 1851 1301 1916 christiane

174 1938 354 2013 vixerimus,
379 1937 484 1999 animo
508 1936 609 2016 magis
632 1957 726 2015 quam
750 1937 907 2018 appetitui
930 1937 1194 2020 obtemperantes
1238 1936 1299 2003 Sed

175 2048 213 2087 ne
243 2026 444 2087 sanctitatem
479 2027 565 2084 tuam
595 2021 636 2084 ab
664 2022 825 2085 academia
857 2024 1042 2104 porticuque
1066 2023 1239 2088 christiana
1260 2025 1301 2088 ad

173 2111 300 2191 impiam
331 2111 425 2181 riam,
461 2129 542 2189 quae
565 2129 623 2169 nos
647 2106 851 2190 philosophos
880 2110 1004 2190 fatigat,
1039 2110 1197 2188 seducam,
1221 2132 1300 2174 cano

174 2197 312 2277 receptui
343 2201 437 2276 teque
472 2215 557 2272 roge,
591 2199 628 2255 ut
661 2215 746 2256 ames
777 2218 825 2257 me
848 2216 953 2258 amore
976 2195 1029 2258 illo
1052 2200 1107 2258 tuo
1137 2196 1300 2276 singulari.

173 2282 239 2364 Ego
273 2304 356 2344 nunc
386 2285 511 2362 propter
548 2280 639 2341 deum
675 2280 713 2341 ad
743 2282 910 2360 primarum
947 2282 1099 2363 supplicia
1135 2283 1215 2345 vado
1253 2285 1300 2346 tui

174 2390 290 2432 memor
324 2375 395 2431 tuas
429 2368 467 2429 ud
502 2365 661 2428 Christum
699 2389 804 2448 preces
840 2368 1038 2448 reposcendo.
1092 2367 1174 2446 l'ale,
1212 2377 1301 2452 pater

174 2454 368 2519 venerahilis
414 2453 523 2517 ldihus
547 2452 670 2535 aprilis.

326 2555 386 2608 Cod.
406 2554 471 2607 Frcl.
491 2553 531 2606 ota

173 2745 288 2814 motha.)
702 2726 753 2788 86,
1062 2743 1118 2809 (um
1136 2743 1190 2796 Juli
1212 2744 1299 2813 1508.)

547 2870 690 2940 hlutian
714 2891 760 2939 an
784 2869 923 2940 Urhan.

434 2999 583 3058 (liebelius'
602 3000 768 3053 anacrdr'enle
787 3001 1031 3067 laudetenuae.)

233 3117 360 3167 Urbano
378 3117 445 3166 viro
463 3115 612 3176 prudenti
629 3119 660 3165 et
677 3115 775 3175 probo
794 3119 826 3166 et
844 3117 965 3166 erudito
983 3129 1038 3166 suo
1057 3118 1100 3166 Μ.
1118 3115 1229 3167 Rufius.

273 3228 304 3292 S.
343 3228 447 3290 lionos
463 3228 560 3291 libros
578 3227 747 3291 Herebordi
766 3226 975 3292 beneficentia
998 3228 1159 3291 consecuti
1176 3250 1296 3292 sumus,

171 3314 233 3378 Eos
255 3317 293 3377 ad
318 3313 516 3396 Spoletinum
543 3319 685 3377 nostrum
711 3316 846 3379 mittam.
871 3320 907 3378 ut
927 3316 1043 3397 pariter
1072 3314 1204 3395 legendo
1229 3335 1299 3396 pro-

172 3402 294 3465 ficiatis.
341 3400 527 3464 'l'r·elrelius³
561 3423 609 3463 me
643 3407 771 3464 auctore
799 3402 936 3464 donatus
970 3408 1018 3464 est
1042 3401 1148 3464 laurea
1170 3421 1296 3465 corona.

173 3488 253 3551 Olim
273 3490 303 3551 in
321 3488 456 3570 puhlicis
472 3492 635 3569 poctarum
661 3489 887 3550 certaminibus
910 3487 1153 3569 coronabantur
1167 3493 1256 3550 vates
1278 3509 1297 3550 a

172 3576 273 3638 ductis
298 3574 422 3656 probati
442 3574 613 3655 judicibus.
658 3574 747 3650 Quod
772 3576 853 3636 enirn
879 3579 989 3654 poetae
1006 3581 1209 3653 oratoresque
1232 3595 1298 3637 cer-

171 3666 276 3725 tarent
300 3664 328 3723 in
353 3660 543 3743 spectaculis
566 3658 724 3723 Minervae
748 3661 904 3724 institut-is
927 3660 958 3722 in
984 3660 1106 3723 hlbano
1125 3660 1297 3724 Domitiani

171 3749 375 3830 temporibus
399 3748 490 3809 testis
513 3751 560 3809 est
576 3745 738 3826 Papinius,
762 3748 815 3827 qui
833 3770 865 3809 se
881 3748 912 3809 in
939 3747 1108 3809 certamine
1132 3751 1295 3828 poetarum

172 3839 361 3914 tarnquarn⁰
385 3835 534 3896 rictorem
559 3839 742 3895 coronatum
767 3835 863 3895 luisse
886 3857 904 3896 a
928 3832 1107 3896 llornitiano
1132 3832 1295 3913 gloriatur.

172 3920 226 3983 Sic
249 3923 329 3983 euim
354 3921 400 3982 ait
424 3923 453 3983 in
479 3917 606 3982 Silvis*
632 3918 718 4000 „Lux
744 3920 819 3982 mihi
843 3920 1003 3982 Romanae.
1026 3919 1129 3999 qualis
1152 3920 1210 3981 sub
1234 3918 1297 3982 col·

239 4192 411 4246 aeuuueiare.
440 4195 453 4231 b
470 4191 600 4258 l'pnnemn
612 4190 683 4242 Terra.
712 4206 723 4232 ο
734 4192 835 4258 juditio.
865 4195 878 4232 d
894 4191 1107 4258 rrunquarulens.
1137 4195 1295 4260 eranquam.

240 4268 246 4295 ¹
269 4263 416 4314 Philostrati
439 4263 499 4313 l'ira
518 4260 646 4327 Apollonii
664 4261 767 4327 'spartei
788 4261 852 4314 l'en.
870 4261 925 4314 ald.
940 4261 1011 4312 laur.
1083 4262 1092 4292 ⁹
1111 4260 1212 4329 Apulej.
1230 4260 1294 4314 Ποῖ.

171 4336 191 4395 l,
212 4335 256 4387 Ed.
277 4332 385 4398 liriiper.
412 4331 494 4383 lterul.
525 4330 596 4391 redo,
623 4330 654 4385 ll,
680 4348 702 4396 p.
725 4334 745 4382 l.
824 4330 984 4382 ³Hcrruaun
1008 4329 1140 4382 Trebelius
1158 4329 1295 4398 (sarciat)

171 4422 218 4457 aus
236 4402 372 4456 Eisenach.
401 4401 482 4452 durch
501 4399 616 4451 llntiaus
643 4400 817 4466 lhnplehluug
843 4416 901 4450 rom
931 4398 1084 4451 liurliirsteu
1112 4416 1161 4452 rou
1180 4398 1296 4452 Sat-bsen

171 4491 230 4526 auur
250 4471 358 4525 lliclrter
381 4471 496 4533 aelrrttnt.
522 4486 568 4520 rur
589 4469 643 4520 luli
670 4471 735 4522 radi
760 4471 820 4535 (agl.
841 4468 882 4521 ln.
902 4469 971 4533 512).
991 4469 1128 4520 rerkelutc
1147 4469 1186 4519 hci
1205 4470 1295 4521 seinen

169 4540 344 4595 iturclneisen
376 4541 400 4590 in
432 4538 547 4590 hlutians
577 4538 671 4589 lluuse.
702 4555 730 4590 so
760 4540 824 4590 lr'rtltt
852 4539 902 4588 und
933 4536 1006 4591 laih.
1049 4536 1105 4605 l'gl.
1125 4537 1149 4589 S.
1169 4537 1203 4591 68
1223 4541 1254 4591 A.
1272 4538 1295 4591 a.

172 4613 231 4664 lira
243 4627 307 4662 use.
326 4609 353 4660 ll.
374 4609 448 4731 lppss.
470 4608 488 4672 l,
507 4609 548 4672 io,
571 4608 652 4658 1131:
689 4607 840 4674 doering,
860 4612 923 4673 Opp.
944 4606 1016 4661 Hutt.
1035 4606 1124 4673 Suppl.
1143 4605 1178 4673 ll,
1195 4606 1255 4659 485.

168 4681 241 4736 ⁴1i‘.
261 4680 283 4743 ἱ),
302 4680 385 4731 lui-t
406 4721 411 4731 .
