2774 4966
125 598 166 664 88
506 596 592 650 Briete
610 612 659 650 ron
680 598 856 653 1505-1508.

127 773 319 839 Hismeniam
349 794 474 835 canens.
498 771 524 835 si
547 794 638 835 aures
666 772 778 835 surdae
805 777 881 837 sunt
908 772 1127 837 ceterorum.¹‘¹
1174 771 1247 837 His-

127 861 246 923 menias
262 859 314 922 ille
330 860 384 939 qui
401 858 482 921 luit?
519 857 645 922 Urbane
662 860 713 932 mi,
730 858 900 922 Thebanus
916 860 987 934 fuir,
1012 882 1072 923 uon
1090 859 1246 924 obscurus

126 946 255 1020 tibicen,
281 945 479 1024 Antigenidis
502 944 540 1007 de
562 966 625 1024 quo
649 944 789 1008 Valerius
811 944 970 1009 Maximus
993 946 1134 1027 loquitur
1149 945 1246 1008 disci·

126 1029 244 1116 pulus.²
288 1031 318 1094 le
343 1031 444 1094 dicere
461 1031 584 1093 solebat
599 1030 659 1093 sibi
677 1032 851 1095 canendum
870 1055 946 1095 esse.
984 1032 1068 1096 ldern
1085 1038 1120 1096 tu
1138 1031 1247 1107 facias,

127 1119 201 1201 quia
224 1120 311 1198 pater
333 1125 408 1180 tuus
431 1117 533 1180 surdis
557 1121 605 1179 est
629 1117 767 1180 auribus.
815 1117 847 1181 Si
874 1118 956 1182 enim
980 1125 1011 1182 te
1033 1119 1165 1195 audiret,
1184 1117 1247 1181 sal-

81 1213 83 1216 ⁴
126 1209 210 1268 taret
243 1204 429 1266 concinnius
457 1203 496 1265 ad
526 1203 622 1284 lyram
656 1204 832 1284 gravitatis.
880 1205 994 1268 Vellem
1027 1207 1130 1280 sciret,
1169 1202 1248 1284 quid

127 1291 284 1372 significet
306 1289 425 1353 dictum
450 1288 525 1352 illud
555 1294 658 1352 velus:
693 1289 745 1370 ,Si
773 1290 832 1353 tibi
862 1313 924 1353 non
956 1313 1024 1353 sum
1052 1298 1189 1367 senator,
1212 1296 1249 1352 tu

129 1398 190 1439 non
215 1377 275 1438 eris
300 1375 374 1438 milri
399 1375 536 1438 consul‘*
585 1374 645 1438 Sed
670 1376 797 1439 fortuna
820 1399 878 1439 sua
900 1384 1042 1458 tempora
1065 1378 1133 1458 lege
1155 1376 1248 1457 gerit.

127 1463 161 1526 Si
185 1467 264 1530 ruet,
288 1463 337 1524 cui
361 1484 422 1524 non
448 1463 507 1524 erit
528 1461 703 1524 ridiculus?
727 1462 843 1525 frustra
865 1468 1067 1526 succurrente
1083 1462 1136 1526 vili
1154 1462 1249 1526 turba

127 1548 361 1612 combibonum.
407 1546 476 1610 Non
510 1568 600 1629 spero
632 1548 696 1624 diu,
725 1547 860 1625 Urbane,
884 1554 915 1611 te
939 1548 1086 1630 fatigabit
1116 1549 1250 1612 adversa

126 1635 261 1698 fortuna.
301 1633 472 1697 Prudentia
489 1638 617 1716 superat
632 1635 852 1699 temeritatem.
890 1635 983 1698 Nunc
1005 1636 1147 1699 dicamus
1163 1635 1250 1699 bona

127 1721 230 1783 verba.
278 1719 369 1782 Venit
392 1717 509 1782 Christi
538 1720 662 1783 natalis.
709 1719 848 1785 Utantur
870 1723 921 1803 pia
944 1726 1025 1784 tura.
1071 1721 1248 1786 Precemur.

127 1806 260 1870 Favebit
275 1808 351 1869 deus
374 1806 528 1888 precibus,
549 1806 693 1888 superbis
717 1807 859 1888 patribus
882 1808 1040 1871 resistens.

231 1891 319 1974 „lpse
342 1894 485 1956 etenim*
507 1893 631 1974 genitor
653 1915 765 1969 rerum,
790 1894 967 1958 moderator
989 1894 1125 1976 Olympi,

228 1979 301 2042 dum
326 1986 445 2061 peteret
469 1984 577 2054 terras,
602 2002 664 2045 non
689 1980 755 2043 alta
778 1980 895 2062 palatia
920 1980 1046 2056 Romae,

227 2074 278 2128 ast
300 2064 379 2128 adiit
401 2066 511 2128 servile
535 2087 635 2146 genus
658 2065 882 2149 stabulumque
905 2067 1085 2150 pudicum.“

128 2152 236 2215 Virtus
258 2172 321 2215 non
345 2151 498 2234 superbit,
530 2174 592 2214 non
617 2160 666 2217 est
688 2152 783 2216 ebria.
829 2152 899 2216 Non
929 2153 1063 2235 despicit
1089 2151 1249 2236 aequales.

127 2238 238 2302 Errare
261 2260 323 2302 non
352 2260 520 2320 possumus
548 2238 626 2303 duce
654 2237 789 2303 Christo.
836 2238 871 2301 In
894 2238 984 2321 cujus
1014 2239 1128 2303 militia
1158 2240 1251 2304 bonis

127 2325 278 2407 auspiciis
302 2324 479 2389 Bernardus
503 2326 647 2408 princeps
672 2325 733 2388 luit
756 2329 788 2388 et
810 2325 950 2408 signifer.
995 2324 1146 2408 Superest
1169 2326 1251 2391 desi·

127 2412 257 2476 derium.
290 2411 428 2475 Tantum
452 2412 554 2476 abbae
570 2413 670 2477 nostri
687 2412 837 2494 temporis
854 2413 1131 2494 degeneraverunt.
1165 2413 1249 2477 Vale.

127 2498 175 2562 Ex
208 2498 312 2562 insula
346 2498 463 2579 quietis
497 2498 621 2563 favente
656 2499 750 2563 Vesta
786 2499 935 2580 praeside.
980 2498 1163 2564 Decembris
1197 2499 1248 2564 die

128 2583 267 2650 Thomas
291 2583 396 2667 legati.

281 2686 341 2740 (bd.
360 2685 425 2740 mer.
444 2687 485 2741 61.

130 2895 244 2963 (Gotha.)
662 2879 712 2944 83.
1089 2894 1147 2963 (vor
1167 2891 1251 2958 1508.)

348 3005 491 3076 Mutian
513 3027 560 3076 an
585 3007 712 3078 Urban
735 3008 812 3077 und
834 3005 1031 3094 Spalatin.³

131 3136 220 3199 (Dante
236 3135 283 3202 [ἄν
306 3135 475 3190 Wolrttlroten.
517 3136 606 3189 Urdrrn
631 3141 711 3190 ritatet
732 3138 790 3191 sr'clr
808 3155 859 3191 rur
876 3136 958 3191 Heisc.
996 3136 1051 3189 Sall
1067 3152 1103 3188 on
1122 3135 1254 3190 Reuclrlr'n

130 3222 215 3285 crepere
238 3205 360 3272 percusso·
380 3204 483 3285 Bir'cbcr·
506 3205 646 3285 sclucr'bcn.
684 3206 762 3260 Dant·
778 3225 816 3258 nn.
836 3207 968 3275 Sputatiu.
992 3207 1055 3258 dass
1072 3222 1100 3258 er
1116 3204 1175 3258 siclt
1196 3204 1255 3258 aad

130 3292 219 3327 eernere
249 3275 417 3327 Verrcurultrrr
435 3275 490 3327 rlrnr
508 3293 635 3342 rumpere
659 3276 735 3342 pr'cdl.
769 3276 852 3329 Jonas
871 3277 911 3328 r'ne
937 3274 1068 3342 Wolfisclr.
1107 3273 1253 3343 ltdstrmp.)

147 3392 187 3442 Η.
206 3392 334 3442 Urbano
352 3395 383 3442 et
402 3392 439 3443 G.
457 3391 628 3452 spalatino,
645 3392 801 3452 magistris
818 3391 1042 3449 eruditissimis,
1060 3391 1104 3439 Μ.
1122 3388 1233 3441 nume.

234 3502 265 3566 S.
311 3502 381 3567 Tibi
409 3505 528 3586 gratias
555 3526 625 3585 ago,
655 3504 709 3584 qui
737 3525 778 3579 re,
808 3503 911 3577 verbo,
946 3502 1072 3584 scriptis
1104 3507 1136 3566 et
1166 3501 1254 3566 omni

132 3589 250 3670 pietate
283 3593 379 3672 atque
413 3591 517 3655 officio
549 3613 606 3653 nos
637 3588 778 3671 adjuvas.
835 3591 1032 3654 Itinerarium
1066 3588 1253 3672 impetrasti.

133 3674 284 3758 Superest
311 3683 348 3740 ut
378 3678 497 3740 scribas
524 3677 563 3740 ad
592 3675 784 3759 Capnionem
820 3699 1025 3759 quaerasque,
1058 3698 1097 3738 en
1133 3673 1254 3757 aliquid

133 3761 249 3825 habeat
272 3762 413 3842 Arnobii,
436 3765 490 3847 qui
509 3763 696 3827 Lactantiib
719 3768 901 3847 praeceptor
918 3761 1004 3841 fuit,⁴
1020 3783 1060 3824 an
1077 3762 1253 3826 orationem

201 4018 304 4071 tanim.
375 4018 542 4071 bLautancii.

133 4086 182 4140 wie
201 4104 229 4139 so
249 4089 286 4140 ult
305 4103 350 4139 um
369 4087 410 4139 die
430 4087 509 4155 Frage
528 4088 593 4139 urm·
611 4087 715 4139 tfrbans
733 4086 888 4139 Verbleiben
909 4087 943 4137 im
962 4089 1040 4137 Airita
1063 4082 1204 4152 gehandalt
1222 4098 1256 4136 zu

132 4157 225 4209 haben.
262 4156 300 4209 Ob
319 4157 365 4208 der
385 4157 443 4223 lota.
465 4157 514 4217 ur,
533 4158 579 4209 dcr
598 4157 632 4207 irn
653 4158 739 4209 Codex
763 4157 820 4209 sich
844 4154 1007 4211 anschlieest.
1033 4155 1081 4206 rnit
1103 4153 1204 4205 diesem
1227 4150 1255 4204 in

133 4226 361 4294 Zosarnmeuhnng
379 4243 411 4278 zu
431 4226 537 4290 brinnon
556 4226 598 4290 ist,
616 4226 679 4278 liisst
703 4225 761 4276 sicli
786 4225 860 4278 nicht
886 4225 1002 4276 crsebcn.
1075 4222 1166 4290 ¹(lpp.
1193 4220 1255 4274 Bas.

135 4297 208 4353 1:365,
226 4295 273 4349 Ill.
295 4297 334 4348 ru.
406 4295 481 4348 2ΙΙΙ.
501 4298 524 4351 i.
544 4296 601 4348 Eut.
622 4295 644 4348 2.
717 4298 726 4323 ³¹
744 4294 835 4346 Siclrur
858 4309 903 4346 ror·
923 4293 997 4355 lanu,
1017 4291 1077 4344 weil
1095 4308 1123 4343 er
1140 4291 1182 4344 die
1200 4294 1255 4343 An·

134 4357 277 4416 uesonlrcit
301 4364 431 4432 Spalntius
449 4365 475 4416 iu
495 4363 665 4432 licorgcntlurl
693 4368 861 4415 roruussetzt.
900 4362 988 4414 Urbau
1014 4377 1087 4413 muse
1109 4358 1151 4412 diu
1176 4357 1256 4413 Reise

134 4433 170 4495 (in
196 4433 268 4485 scine
296 4432 401 4485 Hoimat
425 4434 476 4486 tlrb
495 4434 536 4486 bei
555 4433 752 4498 rarnnausarr)
780 4431 897 4500 zugloich
927 4431 962 4482 irn
991 4432 1114 4498 tultrage
1140 4427 1257 4482 Mutiaus

135 4502 213 4571 (nach
232 4501 344 4570 ilcesen)
364 4507 561 4569 unterfnornnren
574 4502 667 4560 lrabcn,
681 4503 713 4553 da
725 4501 845 4554 lutnterer
862 4501 917 4551 ilun
939 4499 1015 4552 daliir
1032 4497 1096 4552 Gcld
1115 4497 1257 4551 zusicbert.

131 4572 179 4695 Μ*
198 4571 326 4693 Arnqbius
352 4571 414 4675 der)
423 4571 510 4624 Altero
536 4572 627 4640 (dfert,
645 4571 665 4636 †
681 4586 727 4623 um
751 4571 808 4625 330.
845 4569 1044 4638 Disputationes
1070 4568 1129 4623 adr.
1156 4568 1256 4638 gentes.

173 4657 234 4709 .pr.
265 4641 326 4695 tour.
348 4642 421 4695 1542.
