2774 4966
418 39 1379 269 h*-

128 628 193 693 462
554 626 641 681 Brieie
660 626 707 680 des
725 627 750 681 J.
771 626 845 682 1514.

136 796 357 862 adulescenti.¹
405 793 562 873 Publins‚²
583 796 664 878 juris
686 818 750 861 non
774 796 909 879 legitimi
933 796 987 860 sed
1011 798 1157 861 culinarii
1191 817 1269 862 cou-

135 882 341 959 sultissimus,
363 883 405 944 ad
427 904 568 945 mensam
593 883 640 946 ait
662 882 831 946 secundam
864 884 1020 965 pertinere
1054 884 1268 966 ponderosum

134 989 259 1032 caseum
294 969 416 1049 saporis
452 969 615 1031 scitissimi
650 989 712 1030 non
748 968 878 1031 rancida
911 966 1119 1050 putrilagine⁸
1151 970 1268 1032 vermi-

135 1058 276 1130 nantem,
301 1074 364 1115 non
389 1075 516 1116 mucore
549 1053 705 1135 putidum,
728 1054 782 1116 sed
806 1053 981 1127 subrufum,
1012 1055 1127 1134 butyro
1161 1055 1269 1137 proxi·

135 1160 231 1202 mum.
278 1138 390 1221 ltaque
414 1138 590 1202 Publianae
617 1139 756 1219 jussioni
779 1160 892 1220 parcns
916 1145 989 1221 peto
1013 1163 1031 1202 a
1054 1145 1096 1214 te,
1121 1146 1157 1202 ut
1179 1161 1268 1203 case-

135 1226 219 1287 arios
257 1225 289 1286 in
324 1225 391 1286 soro
425 1225 670 1305 circumspicias.
722 1223 872 1287 Bodmum
909 1224 1000 1287 nobis
1034 1247 1129 1288 ernas.
1182 1224 1269 1289 Uxor

138 1308 309 1389 llartungi‘
344 1309 501 1390 polclrella
537 1309 641 1390 puella
675 1314 733 1384 est,
767 1331 869 1372 annos
904 1315 979 1373 nata
1015 1332 1112 1372 unum
1143 1315 1176 1373 et
1198 1309 1267 1373 XX.

136 1394 199 1458 Dat
222 1395 357 1458 libenter
380 1400 412 1457 et
435 1395 575 1457 celebrat
590 1395 783 1473 cottidianas
801 1396 937 1476 nuptias.
983 1395 1069 1458 Vade
1085 1400 1117 1459 et
1132 1395 1267 1479 appella.

136 1480 218 1543 Novi
241 1481 434 1543 celeritatem
459 1488 556 1542 tuam.
602 1479 674 1542 Cito
698 1480 846 1543 conficies
868 1481 1040 1561 negotium.
1080 1480 1170 1552 Hem,
1187 1504 1268 1544 anus

136 1570 185 1628 est
207 1586 323 1646 rugosa
346 1587 433 1628 soror
455 1565 616 1642 Reinboti,
640 1564 780 1628 consulis
807 1567 1056 1646 postremissimi.
1106 1565 1267 1630 Callosum

136 1651 233 1714 habet
256 1655 288 1713 et
310 1649 501 1713 foetutinum
528 1672 668 1713 cunnum
686 1657 717 1713 et
733 1658 781 1713 est
798 1652 920 1731 pumice
937 1653 1057 1714 siccior.
1102 1651 1175 1714 Jam
1201 1654 1268 1715 scio

135 1758 198 1799 non
223 1735 407 1818 appellabis,
453 1736 534 1798 Novi
565 1735 749 1799 tarditatem
782 1743 879 1800 tuarn.
925 1736 1007 1813 Quid
1038 1736 1108 1800 ita?
1152 1737 1268 1800 Forma

134 1821 245 1898 allicit,
270 1820 458 1884 deformitas
481 1823 618 1884 deterret
642 1826 885 1900 procuratorem.
932 1823 1052 1904 Scripsi
1075 1823 1115 1884 ad
1140 1828 1267 1904 poetam

135 1905 294 1988 lyricum.⁸
339 1906 393 1969 llle
427 1928 476 1969 rne
510 1907 586 1969 lacit
619 1904 820 1986 sapientem.⁶
865 1905 898 1969 Si
930 1908 1059 1988 respicit
1082 1908 1121 1970 ad
1145 1912 1267 1989 septem

136 1991 289 2055 Graeciae
326 1992 497 2073 sapientes,
536 1992 667 2054 nimium
707 1992 785 2055 mihi
823 1992 947 2070 tribuit,
982 1993 1008 2055 si
1047 1994 1087 2057 ad
1125 1999 1268 2057 vestrum

135 2078 321 2141 damnatum
356 2075 566 2140 Chaldaeum⁷
601 2078 621 2139 i.
655 2099 679 2139 e.
712 2082 763 2137 trn
797 2079 896 2138 nirnrn
931 2097 990 2138 rrrn
1023 2097 1095 2148 stru
1126 2077 1268 2154 benabad),

135 2163 241 2226 minus
275 2162 353 2225 milri
382 2164 537 2243 assignat,
572 2183 667 2243 quam
701 2167 901 2243 contemptor·
934 2164 1076 2244 magicae
1111 2164 1268 2227 vanitatis

133 2253 337 2330 promeretur.
383 2246 553 2329 Utcunque
576 2249 627 2322 sit,
651 2246 737 2310 valet
757 2248 886 2329 ingenio
903 2255 935 2311 et
951 2248 1048 2312 babet
1063 2270 1156 2312 usum
1172 2249 1268 2329 lyrae.

135 2331 198 2397 Sed
223 2335 326 2407 miror,
356 2355 453 2414 quare
476 2339 603 2396 maneat
625 2335 657 2396 in
682 2334 775 2395 domo
810 2332 962 2396 Heurici.⁸
1008 2334 1077 2397 Non
1112 2334 1269 2416 intelligit

135 2419 231 2481 verba
255 2418 383 2481 honoris
417 2418 509 2481 horno
542 2419 695 2481 candidus
719 2424 749 2480 et
773 2419 916 2500 simplex.
963 2420 1045 2494 Quid
1079 2420 1209 2496 diceres,
1241 2421 1269 2482 si

135 2525 194 2585 ego
232 2503 421 2567 Psalteriunr
461 2527 479 2566 a
517 2511 548 2566 te
586 2505 686 2586 gratis
723 2503 953 2584 accepissem?⁹
1013 2504 1090 2580 Olre,
1137 2506 1268 2581 diceres,

136 2589 300 2652 Mutianus
323 2611 385 2652 non
411 2590 505 2652 callet
528 2590 624 2652 verba
655 2587 793 2651 lionoris.
839 2591 905 2669 Ego
938 2611 1010 2651 vero
1040 2590 1136 2672 probe
1164 2611 1268 2654 mores

135 2674 299 2737 hominurn
334 2675 430 2737 didici
454 2680 485 2738 et
508 2675 613 2738 lucum
643 2696 711 2736 esse
735 2675 950 2737 adhibendum
985 2682 1062 2755 puto
1097 2676 1268 2739 adversum

135 2759 261 2824 stultos.
318 2760 353 2822 ln
390 2761 532 2824 amicitia
566 2782 638 2822 vero
673 2760 760 2822 nullo
794 2761 887 2822 modo
921 2760 1083 2823 ferendum
1120 2761 1267 2824 arbitror.

135 2845 335 2927 Quapropter
367 2846 573 2922 satisfaciam,
604 2845 732 2925 quando
766 2844 926 2908 videbitur
958 2846 1028 2908 tibi.
1075 2846 1110 2909 Τ.
1146 2844 1270 2909 Marius

135 2930 255 2994 bonum
285 2952 408 3007 nomen,
442 2930 600 2994 Martinus
628 2929 840 3010 pessimum.'⁰
886 2930 1061 3013 Utrumque
1095 2933 1269 2995 convenias

136 3017 229 3079 velim
254 3020 284 3078 et
309 3039 384 3078 cura
411 3022 448 3079 ut
477 3017 556 3079 bene
590 3018 704 3078 valeas.
752 3015 818 3095 Ego
854 3016 1021 3078 Duroni0'¹
1059 3017 1268 3098 persuadeb0,

137 3102 229 3165 modo
253 3104 377 3178 veniat,
403 3124 505 3182 neque
522 3102 631 3164 melior
647 3103 677 3162 in
696 3101 773 3162 urbe
792 3102 965 3163 nronaclrus
989 3124 1083 3183 quam
1109 3102 1267 3165 Urbanus.

138 3189 184 3250 ed
210 3186 347 3251 natalem
373 3188 504 3269 Cyriaci.

289 3304 351 3356 Cod.
369 3303 436 3357 Frct.
456 3303 514 3355 388.

132 3453 338 3461 ———-—...-

185 3611 190 3621 ι
208 3546 216 3575 ¹
236 3541 378 3595 Vielleicht
396 3541 525 3606 Horsseld,
544 3541 587 3617 stu·
604 3541 653 3592 den
672 3557 701 3592 er
718 3542 773 3592 also
791 3538 954 3617 sohliossliclr
966 3537 1124 3590 einenKorb
1143 3537 1269 3606 (nodosus

136 3606 1108 3745 ⁰¹'l¹⁸lnllll.⁰¹¹d⁰toll*?⁰2.ltillidiattgllllltlllllitalilii}
1122 3607 1269 3728 Ἣωῗῐ

135 3747 195 3803 Joh.
214 3748 344 3815 Hartuug,
363 3747 439 3798 Goth.
459 3746 585 3798 Rutslrerr
603 3746 696 3813 (8:221
711 3748 741 3797 Α.
752 3748 780 3812 4)
799 3745 909 3796 sondorn
921 3746 963 3795 ein
974 3745 1098 3809 llrlurten
1108 3742 1204 3795 obonso
1218 3746 1268 3795 wie

137 3817 185 3868 der
202 3816 261 3884 folg.
283 3815 394 3868 Reiubot
404 3815 446 3866 eiu
459 3814 577 3866 Erfurter
596 3814 730 3879 ltatslrerr,
740 3814 813 3865 niolrt
826 3814 872 3864 der·
884 3812 1008 3864 Exiliorto
1023 3814 1063 3864 ist.
1117 3814 1127 3843 ὓ
1144 3811 1269 3864 Eobunus

137 3884 246 3937 llessus.
282 3884 385 3937 Mutina
403 3885 485 3935 rueiut
504 3885 552 3935 den
572 3883 773 3952 gleichzeitigen
791 3881 833 3934 Br.
863 3881 923 3933 Vor.
944 3881 988 3932 Nr.
1049 3879 1268 3933 alralnscnein-

137 3952 190 4005 liclr
219 3953 245 4004 in
273 3954 376 4021 einigon
403 3951 598 4019 Bogloitversen
629 3968 661 4002 zu
690 3952 740 4002 deu
767 3949 905 4001 Heroiden.
944 3949 1016 4001 llonn
1044 3949 1131 3999 wodor
1156 3948 1181 3999 in
1206 3949 1267 4000 dern

137 4021 225 4074 Brielc
244 4038 268 4072 v.
287 4024 311 4074 4.
337 4024 405 4088 Aug.
435 4021 502 4072 noch
526 4021 551 4072 in
578 4021 624 4072 der
652 4019 765 4071 Heroido
792 4035 825 4070 an
855 4019 897 4070 dic
925 4017 1071 4086 Nnclrn‘olt..
1098 4017 1125 4067 in
1153 4016 1269 4069 welcber

137 4089 254 4142 Mutians
273 4090 386 4156 godnclrt
405 4090 478 4151 rrird,
496 4088 598 4140 konnnt
616 4089 662 4140 der
680 4087 818 4139 Ausdruelr
837 4102 890 4138 ror.
946 4087 955 4117 ⁷
973 4079 1046 4137 Ultor
1057 4086 1146 4136 diesen
1159 4084 1268 4152 llngior,

136 4159 226 4210 dorin
245 4153 305 4209 eleni
324 4158 402 4209 Dorso
420 4157 550 4209 'lanrbacb
570 4157 647 4217 lobto,
667 4156 716 4223 rgl.
731 4157 756 4209 S.
770 4155 820 4207 ‘2th
833 4159 861 4206 Α.
877 4157 898 4207 l.
963 4153 1148 4205 ⁸Eberbaclrs.
1177 4153 1267 4206 Eoban

135 4227 251 4280 schreibt
270 4243 311 4278 arn
331 4229 354 4278 4.
374 4231 456 4293 Aug:
477 4226 589 4277 »llis-orti
608 4227 640 4276 ad
662 4224 861 4276 contubernium
876 4265 880 4276 .
895 4266 900 4276 ,
915 4265 920 4275 .
936 4222 1012 4274 llonr.
1034 4221 1196 4288 elperbacclri
1209 4263 1214 4273 .
1226 4264 1231 4274 .
1244 4265 1267 4276 ,,

137 4296 278 4347 llecnnurn
309 4296 430 4362 spriritum
463 4295 533 4345 diern
563 4294 727 4360 Erplrurdiao
757 4307 824 4359 agor«
869 4292 904 4343 Es
933 4292 1032 4356 orginbt
1059 4291 1117 4340 sicli
1147 4291 1268 4357 augleiclr

136 4363 440 4416 hieruusu01··21..1uli
459 4363 497 4414 als
515 4363 568 4429 Tag
586 4363 672 4413 seinor·
690 4361 837 4412 turocaelo.
892 4362 902 4390 ⁹
923 4360 978 4425 l'gl.
999 4359 1040 4412 ΒΓ,
1060 4361 1110 4409 3ῖῦ
1128 4361 1143 4412 l.
1171 4361 1196 4412 S.
1216 4361 1268 4412 458

136 4437 213 4486 Μ.
287 4430 521 4499 usgibi-‚aun
596 4434 613 4462 ¹¹
633 4430 686 4481 ller
704 4431 763 4481 Abt.
800 4433 825 4479 ὅ.
848 4427 895 4480 108
914 4430 943 4478 Α.
968 4431 987 4480 Ι.
1024 4427 1267 4480 Marianorum·-

138 4501 189 4553 ban
209 4504 251 4552 lin·
269 4499 416 4566 Belassung
434 4501 458 4550 in
478 4499 577 4549 seinenr
597 4499 714 4551 Erfurtor
732 4501 809 4549 Arnte
827 4496 983 4563 ernplolrlen.
