2774 4966
130 619 193 684 190
516 616 604 671 Brieie
622 634 673 671 von
692 618 871 673 ison-1511.
901 630 907 643 ·

132 789 217 853 dinis
241 793 318 852 sunt
340 789 487 865 remedia,
518 788 636 872 quibus
657 789 717 853 viri
740 810 853 872 graves
873 791 1019 865 utuntur,
1050 810 1091 854 ne
1113 788 1268 857 seminale

134 874 288 955 polluant.
346 874 514 937 Bracatum
550 875 634 938 enim
668 896 737 937 esse
771 873 863 937 decet
898 872 1016 939 Christi
1054 875 1265 942 sacerdotum.

133 960 283 1039 Legimus
313 959 492 1021 sacerdotes
515 960 546 1021 in
571 960 640 1041 lege
664 959 771 1022 Moses
803 979 879 1022 usos
912 958 1009 1022 fuisse
1042 960 1137 1024 lineis
1170 959 1265 1025 lerni-

133 1044 270 1117 nalibus,
294 1065 376 1124 quae
392 1065 493 1123 usque
517 1045 555 1106 ud
580 1065 684 1124 genua
700 1048 732 1106 et
748 1044 884 1126 poplites
899 1044 1086 1125 pudibunda
1101 1045 1264 1111 celabant

133 1128 283 1210 Superior
304 1133 410 1191 autem
436 1149 508 1208 pars
530 1130 590 1191 sub
606 1128 757 1192 umbilico
773 1128 1021 1210 astringebatur,
1037 1136 1074 1193 nt
1089 1131 1115 1192 si
1130 1130 1264 1211 quando

131 1214 272 1295 expediti
310 1218 514 1276 mactarent²
550 1214 696 1276 victimas
730 1219 762 1276 et
793 1213 875 1277 forte
909 1213 1157 1294 prolaberentur,
1196 1235 1264 1280 nou

131 1305 264 1381 pateret,
288 1298 374 1380 quod
398 1303 482 1360 esset
503 1303 658 1379 opertum.
703 1297 816 1361 Verum
840 1299 873 1361 in
896 1297 1038 1362 Levitico
1060 1300 1099 1362 de
1117 1298 1264 1365 feminali

133 1383 213 1446 nihil
246 1382 317 1464 legi.
361 1381 441 1445 Illud
465 1382 537 1463 legi,
560 1383 645 1464 quod
678 1383 801 1446 utinam
837 1384 954 1465 poetici
981 1383 1127 1447 homines
1149 1383 1262 1449 obser·

135 1472 258 1531 vatent:
299 1467 388 1548 „Non
426 1466 581 1531 revelabis
617 1468 848 1550 turpitudinem
886 1468 986 1550 patris
1019 1468 1095 1532 tui.“
1148 1467 1263 1534 Patres

131 1553 335 1616 ecclesiarum
374 1556 450 1614 sunt
487 1550 637 1632 theologi.
698 1551 849 1616 Salomon
890 1553 1012 1634 inquit:
1059 1553 1140 1634 „Qui
1178 1554 1264 1620 celat

131 1638 291 1713 delictum,
316 1637 440 1717 quaerit
456 1637 627 1715 amicitias;
646 1638 700 1718 qui
717 1637 816 1701 altero
833 1658 976 1701 sermone
991 1639 1115 1719 repetit,
1132 1646 1264 1721 separat

132 1723 339 1786 foederatos.“
386 1721 479 1784 Dices
511 1723 633 1784 forsan:
669 1721 752 1802 „Cur
786 1723 884 1803 igitur
915 1744 964 1785 me
986 1728 1019 1786 et
1041 1723 1261 1789 Herebordum

130 1808 217 1871 velut
250 1809 364 1871 tertius
404 1805 484 1870 Cato
522 1808 662 1870 severius
698 1807 918 1888 objurgasti‘?“
976 1807 1049 1871 Feci
1083 1808 1197 1890 pudice
1229 1814 1264 1872 et

131 1899 283 1955 amanter.
330 1892 408 1954 Cum
440 1892 551 1954 amicis
573 1914 624 1954 me
647 1912 740 1972 agere
770 1891 933 1974 putabam.
980 1892 1049 1955 Non
1073 1894 1260 1957 irascimini.

132 1978 234 2042 Malos
256 1999 319 2040 non
350 1977 553 2057 reprehende.
600 1976 715 2039 Docuit
737 1999 787 2040 me
810 1975 977 2040 Solomon:
1009 1976 1101 2058 „Noli
1127 2000 1263 2060 arguere

133 2065 311 2129 derisorem,
335 2084 375 2124 ne
398 2062 500 2124 oderit
523 2067 565 2124 te.
611 2061 717 2143 Argue
739 2063 915 2144 sapientem
933 2067 964 2126 et
980 2062 1093 2143 diliget
1113 2067 1156 2126 te.
1199 2063 1261 2140 Qui

130 2149 198 2211 odit
235 2148 477 2228 increpationes,
514 2147 669 2227 insipiens
706 2153 768 2226 est3
806 2147 862 2228 qui
899 2149 1025 2229 sapiens
1067 2153 1126 2223 est,
1167 2149 1263 2213 audit

132 2233 273 2297 consilia.
318 2232 442 2294 lnauris
473 2253 545 2295 area
568 2238 600 2294 et
623 2233 795 2313 margarita
826 2232 961 2314 fulgens,
995 2232 1050 2314 qui
1078 2234 1186 2314 arguit
1210 2256 1262 2298 sa·

130 2320 268 2402 pientem
293 2322 325 2380 et
347 2338 454 2380 aurem
480 2317 690 2380 obedientem.
736 2317 889 2381 Doctrina
911 2317 971 2380 viri
995 2338 1049 2399 per
1068 2318 1260 2400 patientiam

133 2404 284 2467 noscitur.
329 2401 363 2464 In
381 2403 511 2465 auribus
534 2402 753 2483 insipientium
771 2424 810 2465 ne
821 2401 976 2485 loquaris,
993 2403 1068 2484 qnia
1083 2403 1263 2486 despicient

131 2490 307 2553 doctrinam
343 2488 460 2568 eloquii
493 2486 570 2550 tui.“
630 2487 733 2557 Vides,
768 2489 811 2551 mi
847 2487 982 2562 Urbane,
1016 2509 1115 2570 quare
1146 2488 1261 2553 fuerim

131 2575 315 2656 objurgator
346 2576 378 2634 et
411 2572 601 2635 austerulus.
647 2570 682 2634 Si
713 2572 860 2654 displicet
893 2572 1094 2646 dolatorium,
1118 2593 1183 2637 non
1208 2595 1261 2638 ero

132 2661 286 2723 molestus
309 2658 496 2740 prudentiae
520 2663 650 2719 vestrae.
696 2656 744 2720 Ne
766 2679 839 2719 vero
863 2664 894 2720 te
917 2658 1060 2720 territum
1085 2658 1174 2721 dicas
1197 2659 1262 2722 elo-

132 2745 272 2825 quentia,
307 2765 389 2824 quae
416 2743 447 2804 in
477 2763 525 2803 me
548 2741 635 2803 nulla
657 2749 715 2814 est,
743 2743 861 2811 hortor,
891 2756 927 2804 ut
950 2741 1123 2806 christiana
1146 2744 1185 2806 ad
1211 2765 1261 2807 me

131 2831 262 2906 scribae,
279 2835 309 2891 et
327 2829 461 2890 libenter
476 2827 648 2890 latinitatis
664 2826 842 2890 obliviscar.
883 2827 965 2889 Vale.
1003 2826 1110 2891 Natali
1127 2827 1260 2908 Magda-

131 2917 229 2979 lenae.
267 2912 366 2977 Mox.
405 2911 479 2974 Sive
502 2912 589 2974 vivat
612 2912 717 2974 adhuc
733 2913 798 2974 sis-'e
815 2919 958 2976 mortuus
974 2913 1017 2975 sit
1032 2913 1258 2990 Herebordus,'

130 3022 186 3064 ora
208 3020 264 3082 pro
287 3020 332 3060 eo.
378 2997 459 3060 Nam
483 3002 653 3077 utrumque
678 3002 820 3060 nostrum
846 3019 908 3060 uun
933 2997 1106 3078 vulgariter
1128 2998 1205 3062 olim
1229 3005 1261 3063 et

130 3087 331 3149 humanitate
353 3088 386 3145 et
408 3082 513 3145 officio
537 3082 644 3145 coluit.

284 3184 345 3234 t'od.
365 3181 430 3233 Frcl.
449 3182 508 3235 448.

129 3372 245 3440 (oona.)
657 3355 727 3416 143.
1160 3370 1259 3437 (1510.)

479 3478 624 3547 Mutiun
646 3499 695 3547 un
718 3477 902 3546 Herhord.

130 3609 292 3677 (maenum
308 3608 358 3659 daz
381 3607 418 3658 W
416 3607 487 3659 irrue
506 3608 552 3659 der
568 3607 624 3659 Veii
642 3607 698 3659 aad
712 3624 740 3658 er
756 3623 810 3659 nter
823 3606 878 3674 uras
892 3606 951 3659 dou
964 3610 1110 3660 ecrtruuea.
1142 3605 1262 3659 Rodum

236 3677 374 3744 plr'iclelich,
393 3677 455 3728 dass
473 3693 502 3727 rr
519 3675 550 3727 in
572 3675 744 3742 Georqeullral
759 3676 836 3727 cireen
854 3675 982 3727 Rathesrta
997 3674 1147 3741 posseisdem)

411 3789 594 3839 Herebordo
612 3789 785 3848 Margarito
803 3788 847 3838 M.
865 3786 976 3838 Rufus.

232 3881 267 3945 Si
290 3883 376 3945 vales
405 3887 437 3946 et
463 3881 544 3964 juris
574 3882 680 3946 studio
714 3881 945 3953 assiduitatem,
981 3879 1259 3963 perseverantiam,

128 3967 282 4044 ardorem,
306 3968 504 4031 alacritatem
535 3965 679 4044 adhibes,
712 3968 791 4030 bene
814 3973 871 4030 est.
918 3966 985 4047 Ego
1013 3966 1141 4047 quidem
1168 3966 1260 4030 valeo

128 4060 160 4116 et
183 4075 245 4115 non
272 4054 374 4132 magis
396 4054 494 4115 sacris
517 4053 678 4116 Musarum
697 4074 794 4134 qnam
810 4052 929 4115 Christi
946 4051 1080 4114 assideo.
1118 4049 1260 4114 Cottidie

131 4140 373 4220 conspiciuntur
397 4138 540 4221 exempla
557 4138 702 4201 fortunae
719 4139 880 4203 variantis.
898 4137 988 4218 cnjus
1005 4136 1258 4201 vicissitudinem

129 4230 162 4286 nt
184 4224 330 4287 incursus
346 4224 500 4303 Duringia
516 4229 548 4286 et
564 4222 690 4286 Hessia²
708 4225 821 4285 nedum
840 4223 932 4285 ltalia
948 4223 988 4285 ob
1006 4222 1259 4287 inconstantiam

198 4427 326 4493 ¹Wegen
344 4427 430 4477 seinos
459 4426 645 4493 hurtnr'iuhigen
677 4424 852 4476 surrecturis.
890 4424 991 4476 Oolters
1015 4421 1262 4479 wicdorkchroudsr

126 4493 230 4547 Schera
302 4495 373 4547 'Dio
391 4495 537 4562 Thiiringor
553 4495 659 4546 Wirnen
678 4510 725 4545 aiis
745 4445 838 4546 hulass
857 4494 903 4544 der
920 4493 1080 4544 sladtiseheu
1099 4489 1261 4569 lievolution

126 4562 158 4696 li
172 4563 273 4698 illata&
292 4563 334 4615 die
352 4564 505 4614 hessischen
525 4564 589 4614 iiber
607 4564 654 4615 das
673 4561 810 4627 Regiment
829 4560 896 4613 nach
915 4562 974 4613 dem
987 4559 1056 4612 lodo
1071 4557 1217 4613 Wdhalrns
1225 4560 1260 4617 II.
