2774 4966
125 623 168 688 50
510 616 594 675 oneo
614 635 664 675 von
685 613 865 676 isos-'ram

127 805 253 878 tempus
282 817 359 858 sane
390 793 608 876 periculosum.
662 794 783 874 ltaque,
815 794 904 858 Luna
928 794 1048 858 Lucina
1078 798 1257 880 sanctaque

128 883 235 959 Lucia,
264 882 310 945 ser
339 903 440 963 opem.
492 880 632 961 Ignosce.
689 880 839 944 Libenter
868 882 914 945 sic
945 881 1020 945 ludo
1053 887 1086 944 et
1120 883 1256 965 antiqua

130 970 220 1033 novis
244 969 424 1050 permisceo.
470 967 527 1028 Dic
551 966 678 1029 domino
702 967 811 1029 abbati
836 967 970 1030 salutem
996 973 1027 1030 et
1048 969 1125 1030 offer
1149 991 1253 1034 meum

128 1055 348 1118 ministerium.
396 1051 552 1115 Combure
576 1051 683 1116 literas
707 1058 833 1136 propter
856 1054 993 1136 ineptias
1018 1055 1132 1135 passim
1156 1056 1257 1120 inter-

128 1143 310 1204 seminatae.

282 1242 342 1295 tou.
363 1239 428 1292 Frcl.
448 1241 488 1294 ι’)ῖ.

128 1430 243 1499 (Gellia.)
668 1412 719 1475 46·
1093 1429 1151 1497 (um
1170 1432 1259 1500 1505.)

495 1538 637 1607 Mutiun
661 1557 709 1607 an
734 1537 886 1608 Urbuo.¹

156 1669 278 1738 (deleam
297 1667 358 1720 liber
375 1666 451 1718 einen
469 1666 556 1722 roeo,
575 1666 622 1733 flii·
638 1667 688 1719 den
704 1666 747 1718 dic
764 1665 842 1718 iloni
859 1665 950 1718 timoren
971 1666 1112 1721 ilresdrucl·
1129 1668 1233 1735 llabm.)

172 1786 211 1835 Iu
227 1783 421 1844 longissimos
433 1793 447 1821 ε
463 1783 565 1842 pisces
583 1795 621 1832 ex
639 1785 779 1841 tempore
797 1781 838 1830 ad
855 1782 1016 1831 Urbanum
1035 1783 1078 1832 Μ.
1097 1783 1210 1833 Rufus.

217 1896 252 1960 Si
274 1917 419 1977 graecum
444 1895 529 1976 quod
551 1893 659 1970 babeo,
683 1893 732 1956 dic
756 1893 857 1970 nobis,
882 1892 1061 1973 strumule²,
1088 1917 1215 1974 nomen,

259 2003 396 2063 namque
419 1981 478 2044 tibi
503 1981 639 2063 priscum
663 1979 771 2061 lingua
794 1979 894 2043 latina
918 1985 1022 2061 negat.

217 2067 260 2131 Te
283 2090 369 2131 mare
392 2065 583 2130 Germanum
606 2071 732 2129 nostras
753 2068 945 2130 transmittit
967 2067 999 2129 io
1022 2088 1102 2130 oras.

258 2153 310 2231 Ee,
334 2154 483 2236 butyrum
507 2153 622 2216 uisite
646 2159 834 2233 concoquat,
858 2153 1023 2234 insipidus

217 2240 280 2304 Sed
302 2239 380 2303 mihi
405 2261 459 2321 pro
483 2260 553 2302 curo
577 2239 680 2321 sapies
703 2240 892 2319 acipensere,
914 2245 1084 2322 postquam

260 2348 365 2389 macra
388 2326 575 2407 quaterdeni
598 2322 763 2406 temporis³
787 2325 850 2387 nlla
873 2326 969 2388 venit.
1035 2398 1041 2412 .

217 2413 300 2477 Laus
324 2414 366 2476 sit
390 2433 504 2493 magna
528 2412 596 2488 tibi,
621 2412 694 2474 dum
719 2420 823 2473 curret
846 2409 1059 2474 Smintheusb
1083 2412 1148 2474 alto

258 2499 356 2573 coelo,
379 2519 450 2560 cum
474 2497 604 2580 superis,
630 2497 671 2561 mi
695 2497 871 2559 reiterando
896 2504 991 2578 pater.

215 2584 266 2649 Sis
289 2584 391 2648 laetus
415 2585 604 2664 turbamque
632 2604 740 2664 precor
763 2584 920 2646 celebrato
944 2605 1117 2648 novenam:

261 2693 345 2735 nuric
368 2677 485 2746 tamen,
509 2676 545 2733 ut
567 2676 692 2751 tempus
717 2671 867 2751 postulat,
891 2670 958 2745 erle,
984 2670 1065 2732 bibe.

284 2771 346 2825 Coo.
366 2771 431 2826 Frcf.
451 2771 491 2825 30.

132 2960 246 3030 (Gotho.)
661 2945 711 3008 47.
1004 2959 1061 3025 (nm
1080 2958 1151 3010 Eudo
1171 2956 1262 3026 1:305.)

506 3087 650 3157 Mutina
673 3109 720 3157 an
743 3087 882 3158 Urban.

178 3224 379 3301 (t'bersemomp
397 3250 444 3286 ron
465 3234 680 3302 blitilutim'seleen
698 3234 812 3300 Brrbsen.
852 3235 928 3286 daber
946 3234 1006 3300 fetro·
1027 3233 1151 3299 Gelinpen
1169 3231 1214 3283 des

513 3303 728 3356 mammaeam
751 3304 882 3368 llomlels.)

393 3418 445 3468 Ad
462 3418 623 3468 Urbanum
641 3420 801 3469 cellarium
819 3419 863 3469 Μ.
882 3416 992 3468 Rustic.

236 3528 338 3592 Salus.
386 3527 463 3591 Cum
494 3531 594 3593 viator
623 3534 697 3593 tuus
724 3531 872 3614 pocillum
905 3535 936 3593 et
962 3528 1156 3609 jentaculum
1193 3533 1260 3590 sta·

133 3616 275 3678 tarinm⁰
299 3615 461 3679 delibaret.
485 3617 620 3698 corripui
644 3617 809 3681 confestim
835 3616 992 3700 Spoletini
1012 3617 1117 3678 literas
1139 3617 1172 3675 et
1187 3634 1262 3678 coa·

133 3704 256 3765 cervari
291 3704 472 3785 praesertim
508 3725 569 3777 eas,
609 3726 689 3784 quae
712 3727 730 3769 a
756 3710 843 3786 tergo
875 3701 1029 3765 stabant*
1082 3701 1141 3762 lias
1167 3699 1261 3763 bilari

134 3787 246 3866 fronte,
271 3800 306 3852 nt
330 3789 412 3851 soles
429 3789 554 3850 literata
571 3790 768 3862 munuscula,
791 3791 954 3872 suscipias.
1003 3788 1074 3864 Hui,
1098 3787 1173 3868 quid
1191 3785 1260 3850 dixi

134 3874 338 3938 munuscula!
374 3897 421 3937 res
449 3880 497 3936 est
528 3877 645 3938 nullius
673 3876 774 3958 pretii.
820 3876 881 3938 Sed
913 3895 1000 3950 ariuor
1028 3882 1059 3935 et
1083 3875 1167 3935 nitor
1190 3894 1262 3936 ora-

134 3962 231 4024 tionis
262 3968 309 4025 est
344 3960 473 4043 aliquid.
525 3961 636 4042 ltaque
659 3965 686 4024 si
718 3962 802 4025 bunc
832 3962 1000 4043 spectabis
1035 3959 1106 4023 (ledi
1140 3958 1262 4039 grande

135 4069 259 4126 murum,
282 4049 331 4111 sin
353 4054 460 4111 autem
478 4047 613 4120 chartas,
639 4048 717 4111 nillil
735 4049 957 4132 propemodum
975 4046 1056 4108 dedi.
1102 4045 1148 4108 l'u
1166 4045 1260 4109 deum

134 4155 198 4210 ora,
229 4140 264 4197 ut
287 4135 425 4214 negotiu,
459 4134 542 4215 quod
571 4135 727 4213 molimur,
756 4137 881 4217 aspiret.
927 4134 1062 4197 Multum
1087 4132 1189 4195 valere
1213 4131 1263 4195 di·

134 4220 216 4283 citur
240 4221 419 4302 deprecatio
440 4219 520 4302 justi
542 4221 695 4284 assidua.⁵
734 4220 766 4285 Si
792 4244 855 4285 nou
879 4221 1028 4284 exaudiet
1044 4219 1261 4300 deprecantes,

202 4387 215 4414 2
232 4373 317 4425 aridos
340 4373 441 4425 Corum:
478 4377 491 4411 b
508 4371 676 4439 Smyntlreus.
713 4373 882 4427 cstatarium.

204 4444 211 4472 ¹
233 4443 342 4509 Anhang
360 4460 391 4494 ru
411 4442 485 4494 Briol
497 4443 530 4495 30
542 4443 587 4493 dos
600 4443 695 4502 lfodex,
716 4443 763 4494 mit
781 4443 840 4494 dom
858 4441 987 4507 erjedoob
1004 4439 1076 4491 nieht
1095 4453 1262 4492 zusammen·

135 4510 219 4578 liiiugt.
258 4514 332 4563 dtuli
363 4513 386 4563 in
419 4512 559 4562 l'anmrnrii
591 4511 679 4564 libell.
709 4528 767 4565 nor.
787 4530 843 4578 epp.
862 4512 876 4563 J
895 4512 912 4561 8
932 4511 954 4561 b.
1026 4508 1195 4560 ²v1olloiem
1215 4509 1263 4560 der

134 4582 298 4632 Strunnmcr?
382 4581 461 4632 '³ller
479 4579 634 4633 Fustcuzeit.
721 4581 823 4633 ‘Inoas
850 4580 931 4631 llriele
956 4577 1087 4645 Spalutirrs
1105 4593 1138 4630 uu
1158 4577 1261 4631 Mutina

133 4649 192 4700 sind
205 4651 252 4701 mit
265 4649 417 4702 Ausuabmo
430 4651 476 4701 der
486 4649 511 4704 S.
524 4653 558 4701 lt
569 4653 599 4702 A.
614 4648 791 4703 ‘ter'n'abutou
800 4649 825 4703 N
828 4665 846 4704 r.
857 4649 908 4703 bliO
918 4648 1043 4701 rer-ibren.
1086 4649 1097 4680 ⁶
1113 4647 1170 4700 lac.
1181 4649 1205 4714 ὁ,
1220 4648 1261 4701 le

1275 4850 1296 4937 'l
