2774 4966
166 664 230 734 302
583 665 669 722 Bnule
686 660 732 721 des
750 666 776 723 J.
794 662 869 722 1513.

169 842 247 907 tatis
269 841 398 905 inserui.
444 842 478 906 Si
501 841 644 924 Petreius
667 847 774 906 noster
796 842 880 906 domi
904 840 1055 922 manebit,
1077 839 1177 907 habes
1204 835 1291 907 Rha-

169 926 321 1003 nensem,¹
362 929 412 991 cui
450 928 505 992 des
541 928 716 1010 epistolam.
771 928 919 1008 Illirabor,
955 930 981 993 si
1013 929 1192 993 retardatus
1225 950 1289 993 non

169 1019 325 1097 properat,
360 1019 452 1078 tanta
484 1016 674 1078 transitione
706 1036 770 1078 non
805 1019 1014 1097 experrectus.
1071 1014 1154 1080 Puto
1187 1015 1289 1080 dicet:

172 1100 240 1183 „Me
274 1101 412 1163 retinent
449 1100 590 1164 vinctum
628 1101 784 1165 formosae
821 1101 926 1164 vincla
962 1098 1135 1182 puellae.“²
1179 1100 1214 1165 si
1247 1103 1289 1181 id,

168 1186 305 1262 Urbane,
340 1208 413 1249 vero
444 1187 569 1257 dixerit,
604 1187 690 1250 nullo
724 1186 817 1251 modo
852 1188 922 1251 duci
955 1192 1061 1270 potest
1089 1211 1106 1252 e
1134 1187 1289 1252 custodia.

167 1271 243 1337 Sine
273 1278 357 1336 amet
385 1276 416 1335 et
446 1273 509 1349 die:
547 1271 633 1353 „Tua
666 1278 714 1337 est
743 1273 875 1336 Lavinia
909 1273 1078 1355 conjunx“,
1114 1278 1150 1338 ut
1184 1274 1291 1356 inquii.

168 1358 323 1440 Vergilius
345 1358 413 1421 XII.
437 1356 618 1422 Aeneidos⁸
662 1358 725 1423 Sed
749 1358 879 1423 Crotum
909 1362 1027 1441 cogitet
1056 1361 1191 1425 amicum
1222 1368 1289 1425 tarn

166 1447 333 1521 sincerum,
356 1452 421 1507 tam
445 1444 612 1508 amabilem
636 1450 668 1508 et
690 1449 803 1522 cetera,
826 1467 907 1528 quae
937 1445 986 1509 vel
1010 1446 1216 1511 ischiadicum
1239 1448 1290 1509 in·

168 1533 306 1595 vitarent
340 1531 378 1594 ad
412 1553 582 1593 cursuram.
643 1531 745 1595 Etiam
782 1533 864 1595 ossis
900 1534 1095 1614 quaestuarii
1132 1533 1286 1597 basiolum

168 1620 281 1683 emisse
304 1617 432 1698 pietatis
455 1622 512 1691 est,
536 1618 597 1680 nisi
621 1616 701 1680 forte
723 1618 845 1681 caldam
869 1618 991 1681 offam*
1014 1626 1142 1700 gustare
1158 1620 1300 1702 suarius

168 1725 263 1786 quam
291 1702 436 1783 frigidam
466 1702 621 1767 Bonifaeii
648 1703 826 1767 calvariam.
872 1704 955 1767 Vale.
1000 1704 1052 1768 XI.
1077 1704 1142 1769 Cal.
1165 1705 1288 1770 Juniae.

317 1804 378 1856 iss'od.
398 1803 462 1858 Frcl'.
479 1802 539 1857 trid.

164 1992 280 2063 (inum.)
687 1978 757 2043 245.
1013 1996 1048 2063 (n.
1068 1994 1108 2050 22.
1127 1994 1181 2050 nai
1202 1995 1287 2053 imai

499 2103 626 2174 Urban
649 2124 697 2175 an
720 2105 953 2176 Hartnrann.⁴

165 2233 367 2302 (dirui-amaea
386 2249 438 2285 rur
455 2230 598 2301 ll'urlrsulpc
617 2233 644 2286 iu
662 2234 708 2287 der
725 2233 807 2287 Abies.
844 2234 987 2303 Hoffirurrp.
999 2253 1027 2287 cr
1038 2236 1174 2288 ucrrledrr
1185 2235 1288 2289 Patron

416 2301 462 2352 der
479 2301 664 2356 tin-rariacum
681 2302 793 2357 Koberie
811 2304 932 2358 :inclinas
953 2305 1030 2361 seira)

199 2416 397 2477 amplissimo
421 2416 504 2475 patri
522 2420 554 2465 et
573 2417 792 2468 humanissimo
816 2418 938 2469 domino
961 2418 1155 2469 Hartmanno
1178 2419 1287 2470 abbati

200 2503 356 2559 Vuldeno‚
378 2504 539 2564 utriusque
556 2504 635 2564 juris
653 2504 782 2564 doctori,
803 2508 935 2565 patrono
954 2509 986 2556 et
1003 2506 1137 2566 principi
1154 2518 1222 2556 meo
1241 2505 1286 2556 di·

519 2591 665 2651 gnissimo
683 2591 732 2656 (Η.
753 2588 920 2658 Urbanus).

266 2701 298 2766 S.
344 2701 575 2766 Consternatus
598 2702 733 2768 Ioannis
755 2703 947 2768 sanctissimi
972 2702 1099 2767 abbatis
1115 2702 1207 2767 obitu
1224 2702 1286 2766 dici

163 2811 225 2854 non
249 2792 365 2870 potest,
389 2789 524 2852 antistes
547 2790 790 2871 sapientissime,
814 2811 909 2871 quarn
933 2791 991 2853 sim
1015 2812 1051 2853 ea
1072 2788 1156 2853 sarna
1186 2810 1286 2851 recre-

164 2881 245 2953 atus,
268 2896 349 2957 quae
371 2874 431 2938 tibi
446 2874 532 2938 domi
551 2875 689 2958 iurisque
705 2876 852 2959 pacificas
868 2876 1009 2940 habenas
1024 2875 1284 2939 accommodarit.

163 2960 310 3044 Angebat
339 2961 421 3023 enim
445 2961 493 3024 vel
518 2962 624 3043 potius
647 2963 725 3026 meb
748 2962 911 3026 cruciabat
940 2961 1118 3025 nobilitatis
1141 2959 1283 3036 ferocia,⁵

163 3070 254 3131 quae,
278 3069 349 3111 curn
373 3046 522 3110 ecclesiae
545 3053 619 3111 tuae
635 3070 747 3132 corpus
769 3048 915 3113 orbatum
938 3053 1057 3111 rectore
1078 3046 1284 3129 periclitatur,

161 3155 218 3199 suo
253 3135 354 3215 magis
389 3134 552 3197 commodo
588 3136 751 3199 consulere
782 3140 813 3199 et
845 3158 894 3198 res
921 3155 1019 3198 noras
1052 3133 1155 3198 moliri
1188 3154 1283 3215 quam

162 3220 291 3302 optimis
324 3220 562 3283 coenobitarum
596 3221 680 3285 rotis
714 3221 847 3302 obsequi
881 3221 969 3284 solet.
1025 3218 1086 3284 Sed
1116 3219 1284 3301 indulgen-

163 3307 306 3370 tissimus
329 3312 418 3387 pater
441 3307 564 3370 futuros
587 3312 660 3389 post-
681 3329 715 3371 se
738 3308 853 3371 fluctus
876 3311 908 3371 et
929 3310 1151 3388 tempestatem
1175 3306 1283 3369 divino

162 3392 295 3456 consilio
333 3402 364 3455 te
401 3392 463 3455 sibi
501 3414 680 3456 successore
717 3394 838 3458 delecto
863 3393 1043 3474 mitigavit.
1089 3392 1284 3456 Existimant

162 3480 243 3543 enirn
279 3479 338 3542 viri
371 3479 550 3560 prudentes,
590 3478 707 3560 quibus
740 3500 808 3561 ego,
846 3480 920 3561 quia
958 3478 1054 3561 probe
1088 3486 1119 3542 te
1152 3483 1284 3555 norunt,

162 3566 326 3642 assentior,
351 3587 413 3628 non
438 3566 603 3646 quieturos
636 3565 732 3629 fuisse
764 3566 918 3648 quosdam
952 3565 1103 3647 pecuniae
1138 3565 1280 3647 cupidos,

161 3652 222 3715 nisi
245 3657 301 3715 tua
331 3650 496 3732 majestate
517 3656 549 3715 et
571 3651 750 3716 admirabili
782 3652 929 3734 gerendIs
961 3652 993 3715 in
1027 3650 1122 3714 rebus
1153 3650 1282 3714 solertia

160 3738 323 3801 conterriti
354 3738 448 3801 fidem
482 3759 606 3801 servare
628 3743 659 3802 et
682 3739 826 3802 coenobii
860 3738 1049 3820 dignitatern
1082 3738 1283 3801 constantiae

161 3845 257 3888 causa
280 3824 445 3887 defendero
467 3828 663 3905 cogerentur.
707 3824 820 3905 Itaque
842 3825 900 3888 deo
924 3825 1044 3905 optimo
1067 3822 1205 3887 maximo
1223 3824 1281 3886 im·

160 3911 279 3993 primis,
315 3911 369 3993 qui
403 3910 556 3974 bonorum
590 3911 731 3974 omnium
762 3915 810 3973 est
832 3915 951 3986 auctor,
987 3916 1054 3973 tum
1088 3908 1281 3972 antecessori

161 4004 217 4061 tuo
251 3998 461 4079 sempiternae
495 4002 570 4060 sunt
602 3996 743 4077 agendae
776 3997 906 4077 gratiae.
941 3996 1024 4077 quod
1058 4002 1094 4057 tn
1124 3996 1171 4057 vit
1201 3995 1282 4075 juris

160 4084 326 4163 utriusque
349 4084 482 4146 scientia
504 4088 669 4164 praestans
685 4090 716 4146 et
732 4083 901 4165 singularis
924 4082 1092 4162 theologus
1114 4102 1282 4163 rerumque

162 4169 331 4233 multarum
365 4172 478 4252 peritia
509 4169 771 4250 quemadmodum
802 4169 955 4232 natalium
984 4167 1150 4250 splendore
1177 4167 1281 4231 clarus

160 4258 329 4319 venerandi
346 4262 454 4319 coetus
471 4254 556 4318 illius
573 4254 673 4318 abbas
689 4256 732 4318 sis
749 4256 953 4332 constitutus,
970 4256 1019 4317 oui
1036 4253 1122 4317 salus
1138 4256 1279 4317 omnium

226 4495 328 4547 relam.
398 4497 469 4546 hmo
487 4511 531 4547 arn
550 4494 649 4547 Rnrulc.

229 4566 238 4596 ¹
260 4562 368 4622 libanis,
390 4580 546 4616 oeconomus
571 4563 705 4617 Fnldanus
728 4564 794 4617 uach
824 4562 868 4619 in.
893 4564 949 4620 190.
1019 4562 1139 4619 'iiinli
1156 4562 1178 4627 l,
1198 4565 1221 4629 1,
1238 4564 1280 4618 55.

178 4630 210 4688 Υ.
228 4634 287 4687 931.
357 4633 428 4685 ⁴Iler
445 4632 519 4685 Briel
535 4633 569 4685 ist
586 4634 654 4686 ohne
673 4634 780 4703 Augalro
799 4634 845 4687 des
856 4632 1011 4688 I'crtassers.
1031 4632 1065 4686 n
1078 4635 1112 4686 ist
1129 4632 1279 4687 ronUrban

178 4701 203 4751 rs
212 4703 332 4755 ilunans
348 4701 419 4756 Bne
439 4700 500 4771 (rgl.
519 4702 568 4755 don
587 4718 641 4757 ror.
662 4702 715 4771 lir.)
732 4702 908 4769 geschriebon.
979 4702 1066 4769 ⁶Vgl.
1084 4702 1110 4757 S.
1132 4702 1184 4755 300
1202 4706 1233 4757 ,1.
1253 4702 1278 4756 3.
