2774 4966
309 666 398 723 Satirc
415 668 534 723 Matiane
551 666 598 722 aui
612 666 758 739 Fontanus.
794 664 901 723 Mation
919 648 954 724 ari
972 648 1071 726 Urbon.
1183 651 1247 739 385

125 838 162 905 A.
186 840 374 906 Politianus.
419 841 487 924 Ego
519 861 645 925 quoque
659 854 674 883 ⁸
700 842 764 907 vidi
792 865 915 908 carmen
940 848 971 909 et
993 845 1135 928 dialogos
1164 848 1246 911 tuoe.

124 926 307 991 Laudamus
340 949 450 991 omnes
486 929 640 992 orationis
672 929 880 1010 majestatem.
927 930 968 993 At
997 933 1144 1014 quoniam
1179 932 1248 997 sine
1348 960 1352 967 ¹

125 1014 223 1077 sacris
253 1017 285 1077 et
313 1012 438 1077 Christo
481 1013 722 1098 philosopharis,
755 1016 853 1078 stulto
887 1016 1014 1081 stultior
1047 1039 1115 1082 esse
1143 1021 1177 1081 et
1206 1019 1247 1084 ab

125 1100 287 1163 academia
310 1099 547 1181 Platonicisque
569 1102 648 1164 meis
670 1100 815 1164 aberrare
849 1103 964 1166 videris
990 1125 1092 1187 neque
1121 1107 1247 1169 nostrae

125 1184 236 1249 Musae
261 1187 418 1267 congruis.
465 1184 583 1250 Videbo
600 1192 705 1268 tamen
723 1187 836 1266 atrine,
853 1188 927 1270 quid
944 1189 998 1252 illa
1012 1194 1069 1253 tua
1084 1188 1249 1273 phronesis

126 1272 330 1354 praestiterit.
389 1271 512 1335 Interea
556 1294 626 1335 cum
664 1272 713 1336 his
750 1275 867 1338 nostris
910 1274 1106 1359 philosophis
1149 1298 1247 1342 senex

126 1358 262 1438 quiesce.
311 1357 410 1437 „Fiet
433 1357 596 1433 Quiesco.“
643 1356 779 1421 Tantum
804 1366 860 1423 est.

283 1456 343 1511 Cod.
362 1457 426 1512 Frcf.
447 1457 496 1512 160
513 1458 567 1510 und
585 1458 642 1512 306.

126 1644 239 1714 (Gotho.)
650 1631 721 1694 312.

461 1743 463 1746 ⁴
496 1756 643 1827 Mutian
664 1775 713 1826 an
737 1755 873 1827 Urban.

471 1886 586 1952 (Orotrm’
603 1885 738 1954 ednetipee
759 1885 901 1953 (decebiet.)

377 1999 504 2050 Urbano
522 1964 800 2051 mo‘mbameoimo
817 2002 861 2052 Μ.
879 1999 991 2052 Rufus.

231 2108 274 2173 S:
308 2109 396 2173 Bona
419 2110 547 2174 fortuna
569 2113 675 2177 arrisit
689 2113 818 2176 tandem·
833 2109 950 2177 Croto.¹
997 2111 1139 2190 Pulchre,
1156 2112 1245 2190 bene,

126 2194 322 2345 ffietuu'fu
357 2197 425 2259 vele
458 2204 489 2260 et
522 2220 597 2262 cure
630 2221 693 2262 rem
729 2199 905 2281 delegatam
939 2204 1013 2262 tuae
1044 2197 1127 2262 fidei,
1178 2197 1245 2281 Ego

280 2382 340 2437 Cod.
359 2381 424 2439 nef.
443 2384 501 2439 346.

126 2570 240 2641 (oona.)
649 2558 720 2622 313.
1127 2570 1247 2642 (rorem

495 2683 639 2754 Mutian
660 2704 709 2755 an
732 2682 869 2754 Urban.

126 2809 257 2879 (neruiue
274 2811 321 2877 fiir
337 2812 361 2864 J.
380 2812 516 2877 Findeben,
540 2813 677 2951 (lithomeris
700 2812 831 2947 {femie
857 2811 1004 2866 &tuamen
1022 2826 1101 2880 pepon
1125 2809 1247 2864 Etcteben

652 2899 671 2935 n
686 2899 744 2935 moe
787 2923 792 2933 .

494 2996 535 3047 Η.
553 2997 680 3048 Urbano
698 2998 742 3048 Μ.
760 2994 871 3048 Rufus.

157 3149 162 3156 -
229 3104 261 3169 s;
316 3106 351 3169 ln
386 3107 496 3170 mediis
531 3108 707 3172 vindemiae
744 3105 907 3171 laboribus
944 3105 1083 3169 cucurrit
1119 3104 1159 3169 ad
1195 3126 1245 3168 me
1305 3151 1309 3157 -

127 3191 267 3255 Joannes
291 3191 452 3270 Findisen‚
476 3194 638 3276 presbyter
661 3194 851 3273 Ostusanus‚
874 3192 967 3255 homo
989 3196 1094 3255 rectus
1116 3194 1148 3254 et
1169 3191 1245 3254 sim·

128 3277 209 3359 pler,
234 3299 348 3360 rogans
371 3300 426 3360 per
447 3278 550 3357 deum,
574 3286 609 3345 ut
631 3280 757 3362 adjutor
773 3301 841 3343 esee
856 3277 948 3348 ,velim
964 3279 996 3342 in
1015 3277 1246 3359 permutatione

127 3361 209 3426 eua.³
254 3366 391 3428 Accusat
421 3367 503 3429 enim
534 3366 616 3431 filios
643 3365 809 3450 parochiae
832 3370 868 3429 ut
890 3364 989 3428 malos
1013 3368 1045 3426 et
1066 3362 1245 3444 sacrilegos,

127 3454 159 3513 et
181 3450 271 3531 cupit
293 3451 466 3532 praesidere
498 3451 673 3516 Elxlebinis
705 3452 892 3534 tradereque
925 3447 1084 3514 Osthusen
1120 3448 1244 3513 cuidam

126 3534 219 3599 Petro
255 3536 442 3599 Heltwinob
473 3539 638 3616 sacerdoti,
669 3536 833 3602 Gunthero
864 3534 986 3600 comiti*
1016 3534 1243 3617 acceptissimo.

126 3620 193 3702 Ego
217 3623 350 3704 primum
383 3625 534 3688 admonui
566 3624 730 3703 Joannem,
754 3626 789 3687 dt
812 3630 904 3687 caute
930 3621 1060 3685 mercari
1093 3626 1245 3702 pergeret,

127 3706 240 3770 deinde
273 3730 342 3772 cum
377 3716 588 3792 perseveraret
623 3712 654 3773 in
688 3710 859 3793 proposito,
889 3708 972 3790 jussi
1005 3711 1042 3770 ut
1072 3710 1105 3771 te
1134 3706 1244 3781 adiret

127 3799 291 3877 propterca
325 3797 408 3877 quod
436 3797 505 3860 aine
533 3802 589 3862 tuo
621 3803 700 3860 nutu
723 3796 754 3858 in
782 3795 875 3858 rebus
910 3794 1016 3857 arduis
1049 3791 1135 3857 abba
1166 3791 1245 3857 nihii

127 3885 244 3962 egeret.
290 3881 400 3964 Itaque
424 3883 540 3946 bonum
564 3885 662 3946 virum
686 3880 746 3946 tibi
769 3880 953 3945 commendo
973 3886 1070 3961 etque
1091 3879 1137 3942 ita
1159 3900 1244 3943 com-

128 3967 250 4041 mendo,
285 3973 319 4030 ut
352 3992 420 4031 curn
457 3970 535 4032 meis
568 3970 666 4032 literis
699 3973 772 4032 tuas
804 3967 956 4031 obtineat.
1011 3964 1084 4045 Nos·
1109 3965 1244 4046 petimus

127 4074 314 4116 consensum
340 4055 548 4135 permutandi,
572 4062 608 4120 ut
630 4058 754 4130 vocant,
778 4059 810 4117 et
832 4053 987 4117 credimus
1010 4050 1137 4114 Petrum
1156 4051 1243 4115 ilium

127 4199 244 4207 -...-....
268 4203 273 4206 .
298 4203 328 4207 -.

199 4347 206 4374 1

194 4287 272 4395 “iim
294 4274 352 4326 un.
371 4276 434 4327 :me
505 4274 674 4328 bHottiu'ino
694 4274 766 4327 Perea.

252 4361 283 4409 ug
301 4343 356 4395 sich
376 4345 421 4395 aus
437 4344 524 4396 acinon
544 4343 650 4396 Eiutritt
668 4344 693 4396 in
712 4344 762 4396 deu
783 4341 936 4412 geistlichen
954 4340 1036 4393 Stand
1048 4338 1181 4393 bozichen.
1193 4339 1243 4392 den

128 4428 156 4464 er·
173 4411 274 4465 frcilich
292 4412 352 4465 bald
371 4413 482 4466 boreute.
511 4412 570 4481 ugr.
583 4413 608 4467 S.
622 4414 672 4466 382
685 4416 715 4467 A.
731 4415 754 4464 l.
806 4410 886 4463 ’fiir
904 4410 946 4463 die
964 4408 1021 4462 Zeit
1038 4408 1084 4461 des
1101 4407 1145 4461 Br.
1162 4408 1243 4461 findet

126 4480 183 4532 eich
207 4482 266 4533 kein
290 4481 393 4534 Anlmlt.
465 4480 746 4535 ³Pfriindeuuechael.
782 4480 817 4534 11.
836 4480 925 4532 lieonss
947 4478 1029 4531 solbet
1052 4476 1120 4531 nach
1142 4476 1185 4529 Br.
1211 4478 1243 4529 14

128 4549 170 4602 die
196 4550 322 4604 Perochie
349 4551 510 4607 osthausen:
539 4550 662 4604 Findisen
688 4548 791 4603 scheint
813 4548 868 4602 uteo
892 4547 948 4600 sein
966 4546 1048 4624 Vitat
1073 4560 1191 4615 genesen
1210 4562 1243 4598 zu

126 4619 190 4671 eoin.
226 4619 279 4672 Der
296 4619 349 4673 aut
365 4619 427 4672 aber
449 4621 549 4672 museto
568 4636 600 4673 zu
618 4620 677 4672 dem
701 4616 826 4678 Wechsel
848 4616 920 4670 aeine
945 4615 1128 4683 Zuabmmung
1152 4614 1242 4684 geben.

126 4686 186 4757 Vgl.
204 4687 229 4741 S.
249 4689 299 4742 116
316 4690 347 4741 A.
368 4688 390 4740 1.
459 4689 470 4720 ⁴
488 4686 546 4741 Von
563 4688 759 4758 Schwarburg.

153 4777 285 4818 aerenum
299 4778 326 4817 u.
340 4778 366 4816 e.
380 4777 457 4824 Suppl.
471 4777 511 4817 rx.
1006 4755 1056 4818 ‘tn
