2774 4966
125 587 189 651 214
546 585 632 639 Briefe
649 584 696 639 des
714 584 740 638 J.
762 583 836 639 1512.

125 758 231 838 gendo
263 758 520 839 perseveraveris,
567 754 783 820 Admiraberis
813 754 878 817 scio
910 752 1048 816 hominis
1084 751 1263 833 ingenium,

126 844 352 923 eloquentiam,
370 845 580 926 eruditionem
602 848 633 904 et
657 841 856 913 modestiam,
873 840 899 901 si
915 840 1043 921 penitus
1060 837 1261 920 cognoveris.

127 929 219 1005 Quod
254 934 359 991 antem
384 954 403 992 a
427 952 475 992 me
499 929 590 1009 petis,
620 927 697 1007 quid
721 932 770 989 est
792 946 921 1006 quaeso,
945 925 1006 987 nisi
1029 925 1116 1005 quod
1149 922 1266 987 Graeci

126 1015 217 1096 ajunt
249 1013 388 1094 γλαῦκας
421 1011 454 1086 ἐς
485 1002 649 1096 Ἀθήνας’.)
705 1011 815 1092 Neque
851 1012 935 1073 enim
970 1009 1164 1091 Oedipodem
1201 1008 1264 1073 tibi

127 1099 308 1162 defuturum
333 1101 434 1175 video,
458 1101 484 1162 si
508 1101 539 1161 in
564 1097 738 1178 Sphingem
764 1096 922 1160 incideris.
970 1095 1045 1158 Vale
1067 1098 1100 1158 et
1120 1094 1264 1157 resaluta

126 1185 281 1248 loannem
319 1184 480 1248 Urbanum
515 1183 714 1247 coenobitam
750 1180 957 1263 primarium.¹
1014 1179 1100 1243 Haec
1137 1179 1264 1261 qualia·

127 1292 252 1351 cunque
276 1292 460 1351 quanquam
484 1267 730 1349 occupatissimo
753 1267 861 1329 elicuit
877 1265 1124 1348 diligentissima
1139 1263 1264 1329 Urbani

128 1355 371 1418 commendatio.

282 1455 343 1507 flod.
364 1454 428 1507 Frcf.
448 1453 506 1505 221.

127 1640 242 1708 (soom.)
658 1625 728 1688 165.
961 1638 1021 1706 (vor
1038 1638 1078 1692 ro.
1097 1635 1154 1690 ruo
1173 1636 1264 1705 1512.)

456 1749 601 1819 Mutian
625 1769 672 1817 an
696 1747 922 1818 lllusardus.²

127 1876 288 1941 (giroardus
306 1877 471 1930 sclrracr'rlrrlt
490 1878 562 1930 nich!
580 1877 648 1929 hloss
660 1877 709 1929 mit
725 1876 837 1940 ilonea,
856 1877 969 1929 sundran
987 1877 1090 1929 solenti
1108 1874 1178 1928 auch
1195 1874 1266 1928 odies

262 1945 392 2013 Grtlr‘iprl:
412 1947 474 1998 doch
493 1946 543 1998 soll
559 1963 587 1997 rr
604 1946 649 1998 der
666 1945 763 1997 Neriler
782 1963 864 2014 ingeri
882 1946 931 1998 dos
950 1945 1133 2011 urrlerhsscn.)

181 2058 330 2108 Muserdo
349 2070 405 2107 euo
422 2059 642 2119 magistrorum
666 2060 841 2121 insignibus
859 2056 1019 2110 decorato³
1035 2059 1079 2107 Μ.
1096 2054 1211 2107 Rarius.

232 2169 264 2232 S.
310 2170 343 2231 ln
369 2171 591 2233 torrentissimi
614 2170 691 2234 Julii
716 2171 916 2234 siccitatibus
948 2172 1074 2234 reddite
1097 2169 1175 2233 milri
1197 2167 1265 2233 fuit

128 2255 264 2335 epistola
286 2256 379 2318 testis
402 2256 518 2318 amoris
540 2277 616 2336 erga
640 2278 688 2319 me
714 2257 771 2327 tui,
796 2257 889 2338 plena
911 2257 1068 2338 politioris
1084 2256 1265 2319 doctrinae.

128 2340 198 2402 Non
232 2341 325 2404 iveris
355 2342 474 2403 infitias
498 2365 599 2423 neque
623 2342 787 2406 dissimula
811 2350 842 2405 te
866 2364 958 2406 nosse
982 2343 1137 2405 culturam
1166 2341 1265 2405 amici

129 2425 289 2489 doctioris.
335 2426 423 2490 Tollo
446 2427 529 2490 hrrnc
553 2450 671 2508 quaeso
701 2429 873 2492 vafriciem.
920 2427 990 2491 Scis
1013 2428 1096 2491 enim
1120 2428 1168 2490 uti
1192 2426 1266 2491 foro

129 2516 161 2574 et
198 2512 358 2592 „inguinis
392 2520 488 2595 atque
524 2515 638 2595 capitis
676 2513 877 2577 discrimina“
915 2513 1024 2589 nosti‚‘
1048 2521 1080 2576 et
1102 2518 1266 2594 quantum

132 2597 270 2678 „distent
298 2621 370 2660 aera
393 2598 558 2679 lupinis“⁵
607 2600 713 2679 Neque
747 2600 894 2662 literariis
929 2600 1055 2662 demum
1089 2600 1266 2663 assentati-

129 2683 255 2760 onibus,
280 2684 334 2746 sed
359 2687 454 2746 etiam
479 2685 563 2748 datis
587 2687 770 2748 muneribus
790 2685 952 2766 quoslibet
969 2685 1055 2748 velut
1070 2706 1143 2748 esca
1159 2684 1266 2749 larum

129 2768 239 2831 allicis.
285 2768 362 2831 Mihi
386 2774 471 2831 certo
495 2776 587 2850 grata
609 2776 685 2833 sunt
719 2772 832 2833 mirum
855 2772 888 2834 in
912 2771 1041 2834 modum
1068 2774 1125 2833 tua
1155 2770 1267 2833 xenia.

132 2855 299 2916 Aestuanti
329 2877 398 2917 meo
430 2861 527 2936 atque
562 2858 663 2919 arenti
699 2857 864 2920 stomacho
888 2861 920 2920 et
943 2856 1128 2919 vernaculas
1164 2855 1268 2937 dapes

131 2940 309 3002 fastidienti
334 2940 425 3003 rlfras
448 2948 479 3003 ot
495 2964 665 3022 generosas
688 2941 777 3005 aves⁶
801 2943 1026 3005 subministras
1050 2946 1082 3005 et
1097 2942 1238 3022 agrestis
1252 2954 1268 2982 ⁵

130 3025 284 3088 urbanam
332 3049 441 3088 conam
485 3030 624 3108 opiparis
666 3028 834 3110 opulentas
874 3025 1038 3091 leuticiis²
1103 3026 1172 3089 Rex
1211 3027 1267 3091 ille

131 3110 253 3174 Xerxes
267 3112 281 3149 ¹’
303 3134 418 3193 aquam
443 3114 591 3176 manibus
614 3112 759 3176 haustam
785 3136 804 3176 a
828 3115 946 3176 rustico
970 3113 1105 3176 libenter
1127 3114 1266 3196 accepit.

131 3196 201 3277 lpse
224 3198 316 3278 qirasi
345 3198 472 3260 intimae
500 3200 595 3262 sortis
618 3197 760 3263 lllusardi
782 3201 843 3262 mei
868 3221 983 3262 munus
1007 3199 1038 3261 in
1062 3219 1131 3262 meo
1162 3220 1266 3279 regno

131 3304 194 3344 non
234 3283 307 3345 lumi
348 3284 534 3346 consulam?
595 3283 657 3347 Sed
695 3284 894 3348 contradicat
938 3285 1054 3366 aliquis
1091 3284 1129 3346 de
1166 3305 1267 3367 grege

132 3367 438 3448 l'ythagoraeorom:
481 3368 624 3450 „Siccine
662 3371 718 3432 das
755 3371 888 3433 obsonia
928 3370 1072 3433 blotiano
1106 3376 1266 3450 tanquam

131 3452 315 3533 liguritori⁰
338 3461 370 3516 et
393 3456 534 3536 cupediis
560 3457 808 3536 pontificumque
833 3456 920 3517 cenis
943 3454 1094 3518 addicto?
1139 3454 1267 3537 Popine

135 3539 272 3617 ganeoni
296 3539 482 3622 lurconique
506 3543 664 3618 convenit,
690 3540 898 3622 philosophos
921 3541 1137 3622 frugalitatem
1165 3547 1266 3606 amat.

131 3624 239 3698 uuiti?
264 3646 369 3687 nonne
392 3627 475 3708 apud
501 3627 649 3689 Ovidium
675 3649 728 3689 esu
753 3627 894 3689 carnium
924 3625 1113 3690 mortalibus
1143 3624 1266 3706 Pytha·

131 3730 224 3790 goras
258 3710 468 3773 intor‘dixit?⁸
513 3711 625 3775 Nonne
656 3719 727 3794 post
762 3734 888 3775 auream
924 3715 1062 3775 aetatem
1097 3710 1266 3776 inventum

199 3927 213 3953 1²
227 3914 339 3981 agnetis.
410 3918 424 3955 b
437 3914 543 3965 Xerses.
615 3930 626 3957 c
640 3914 765 3979 liguritor.

202 3984 209 4012 ¹
228 3983 301 4034 lloch
322 3982 389 4034 wohl
410 3983 456 4033 dor
475 3984 526 4034 air
543 3983 686 4035 lohannes.
711 3984 757 4034 dor
774 3999 824 4034 nur
841 3998 873 4034 on
893 3983 978 4034 dieser
1003 3980 1084 4035 Stollo
1102 3997 1131 4034 so
1149 3986 1267 4049 genennt

130 4047 202 4100 ivird.
240 4050 465 4117 lliiglichrrwcisc
491 4052 584 4103 kiirrnto
603 4069 631 4102 os
650 4052 717 4102 arieli
737 4053 783 4103 der
801 4051 876 4102 l’rior
901 4052 947 4103 des
972 4050 1090 4104 Klosters
1118 4049 1183 4116 sein,
1214 4066 1267 4104 von

130 4117 190 4167 ‹lorn
210 4118 272 4170 aller
290 4126 369 4173 sonet,
391 4119 547 4186 leonigenas
568 4125 645 4171 nrrtor
663 4119 761 4171 diesrm
781 4120 892 4175 Narnon.
918 4120 1004 4171 hichie
1029 4119 1167 4172 vorlautst
1205 4118 1265 4197 vgt

130 4187 155 4235 S.
176 4188 192 4238 :i
212 4189 242 4240 A.
264 4190 285 4239 l.
357 4188 410 4240 ²8.
430 4190 480 4239 212
500 4192 528 4241 A.
548 4192 572 4241 b'.
644 4188 718 4240 3ΑΙε
744 4189 886 4241 llosardus
914 4189 993 4240 findet
1018 4203 1047 4240 or
1068 4187 1126 4240 sich
1144 4186 1266 4240 nichtrn

131 4254 178 4304 dor
195 4254 387 4323 llagistcrlisfo.
425 4256 461 4307 Er
479 4257 582 4308 almior
600 4256 663 4308 lura
683 4258 778 4309 vorhor
796 4257 955 4324 pronvniort
974 4273 1007 4308 zu
1025 4256 1118 4308 haben.
1179 4256 1265 4310 ‘Ans

130 4322 252 4376 duvenal.
266 4328 318 4377 Sat.
335 4325 378 4379 l'l.
393 4328 440 4377 :rol
500 4326 575 4376 einen
596 4325 770 4377 lTntorschicd
791 4326 921 4377 zwischen
941 4324 1086 4392 Arrslr'iudig
1104 4324 1159 4377 und
1171 4323 1264 4379 Unan-

131 4392 235 4459 str‘indig
254 4394 371 4444 irrachon.
402 4395 519 4459 ,idagien
540 4395 585 4444 dos
604 4393 736 4444 thamara.
808 4394 896 4446 ³llor.
915 4394 961 4460 Ep.
981 4394 1001 4457 l,
1021 4395 1044 4458 1,
1064 4394 1104 4445 23.
1133 4392 1263 4460 Spriobvr.

180 4459 247 4512 (luto
266 4463 318 4512 und
338 4456 478 4513 Sclrlrehti·
502 4461 562 4527 lrlug
580 4462 790 4513 nnlorsrlnidon.
844 4464 928 4513 ‘'rll'ra
946 4462 1004 4513 avis
1073 4461 1265 4515 Nilmidlsohes

131 4527 219 4582 lluhn.
294 4530 374 4581 ἶιΙὴι
400 4531 559 4582 hereichorst
583 4530 622 4580 als
648 4529 799 4582 landnrann
828 4546 897 4581 mom
927 4530 1083 4583 stiidtisohos
1110 4529 1183 4584 ldnhl
1211 4530 1261 4584 mit

131 4596 266 4650 hostharen
285 4598 496 4652 Lectorbissens
566 4598 699 4653 “Metam
722 4599 784 4666 XV,
804 4600 836 4652 75
855 4617 911 4667 sqq.
