2774 4966
387 634 493 699 hlutien
513 659 547 698 au
566 642 670 698 Oratus.
708 644 810 698 brutiau
829 662 862 699 au
882 631 981 700 Urhan.
1182 647 1244 712 381

124 818 353 884 Bonilacianus
388 817 515 899 primas,
547 816 631 900 quod
662 815 746 881 bono
776 818 917 900 auspicio
951 820 1109 901 possidere
1141 818 1245 884 sedem

124 906 191 988 ejus
227 905 356 985 incepit,
391 903 445 984 qui
479 902 671 984 singularem
693 903 726 966 in
748 905 834 967 omni
869 906 935 968 vita
964 907 1123 986 praestitit
1155 907 1246 969 inno-

125 993 259 1055 centiam
284 995 316 1053 et
340 989 466 1053 tandem
492 990 607 1052 meruit
632 990 751 1071 „epulis
774 991 959 1055 accumbere
974 992 1125 1055 divum.“¹
1167 992 1245 1073 Ego,

126 1079 167 1140 mi
191 1075 295 1152 Crote,
329 1076 478 1138 mandavi
513 1075 621 1152 literis,
656 1083 796 1157 rogatus.
821 1083 856 1140 ut
880 1079 974 1154 nosti,
997 1078 1037 1142 ab
1060 1078 1136 1142 hero
1159 1099 1244 1141 com·

124 1164 222 1228 muni.
258 1163 308 1225 cui
339 1183 396 1224 nos
427 1161 517 1224 decet
547 1183 616 1224 esse
645 1163 867 1226 devotissimos
889 1169 922 1226 et
944 1165 975 1226 in
1006 1187 1118 1228 aevum
1152 1185 1245 1229 omne

124 1250 241 1325 fideles
274 1270 355 1329 quae
389 1269 501 1311 nomen
533 1248 645 1330 optimi
679 1249 777 1329 patris
810 1249 992 1313 aeternitati
1026 1250 1244 1314 commendare

124 1341 269 1418 possunt,
293 1336 319 1397 si
344 1335 437 1397 modo
461 1339 516 1396 tua
539 1334 616 1397 tides
633 1339 664 1397 et
680 1333 845 1414 diligentia
862 1357 924 1399 non
942 1335 1077 1401 deluerit
1093 1338 1244 1420 operario,

125 1424 190 1485 sive
213 1423 255 1484 sit:
278 1420 413 1500 elogium
439 1420 470 1482 in
495 1441 548 1483 aes
571 1420 772 1483 incidendum
795 1422 861 1484 sive
876 1422 1079 1503 scalpendum
1100 1425 1131 1486 in
1149 1444 1245 1487 saxea

126 1504 260 1571 tabula.²
305 1505 386 1569 Nam
409 1507 458 1569 uti
477 1504 590 1586 jubeas
613 1505 765 1569 artificem
793 1507 972 1571 charactere
986 1519 1000 1546 ⁸
1022 1530 1151 1574 romano
1173 1531 1244 1573 cum

126 1593 333 1675 diphthongis
356 1598 388 1654 et
410 1592 604 1655 dimensione
639 1592 794 1669 sollemni,
825 1600 862 1656 ut
884 1596 1010 1676 egregia
1038 1596 1116 1659 tacie
1144 1595 1246 1659 niteat

125 1681 276 1762 scripturn
300 1685 331 1741 et
355 1677 463 1741 literae
485 1677 525 1741 ad
549 1677 699 1740 amussim
729 1677 923 1743 collocentur
953 1687 986 1744 et
1013 1682 1097 1745 intra
1129 1681 1242 1746 lineam

126 1766 275 1846 legitimis
313 1764 426 1846 spatiis
463 1763 631 1827 distinctae
676 1765 864 1838 consistant,
909 1764 1047 1829 habitab
1083 1767 1246 1850 archetypi

125 1852 257 1925 ratione,
290 1873 309 1914 a
343 1850 432 1930 cujus
473 1848 687 1932 ortlrograpbo
729 1850 856 1926 modulo
893 1852 920 1914 si
959 1854 1122 1918 recesserit
1154 1853 1246 1917 (lissi-

125 1944 249 2019 gnator,
273 1936 426 2019 peccabit.
472 1938 513 1998 et
535 1957 646 1998 sumne
681 1934 849 2000 Coroeho⁰
872 1935 1023 2016 stultior,⁸
1047 1941 1102 2021 qui
1125 1938 1245 2004 isthaec
1329 1990 1332 1995 .

125 2024 234 2087 harum
259 2044 359 2086 rerum
386 2022 574 2103 peritissimo
599 2027 661 2084 tam
687 2021 822 2085 sollicite
845 2024 1080 2105 praescribam?
1125 2025 1187 2089 Sed
1209 2030 1245 2089 tu

127 2112 152 2173 is
175 2133 217 2187 es,
242 2111 282 2172 mi
307 2107 410 2184 Crote,
433 2107 523 2188 cujus
546 2107 783 2171 benevolentiae
799 2110 922 2172 credam
939 2115 971 2173 et
986 2111 1102 2174 credidi
1125 2133 1247 2194 semper

126 2196 241 2270 omnia,
267 2197 359 2257 etiam
378 2194 515 2274 nugalia,
528 2193 626 2275 jocos,
644 2193 866 2272 urbanitatem,
883 2196 996 2258 nedum
1014 2197 1107 2279 hujus
1123 2198 1246 2279 generis

128 2281 294 2344 nrortualia
327 2287 359 2344 et
391 2281 500 2342 nenias
533 2279 690 2360 lugubres,
736 2279 833 2343 llatas
864 2281 905 2344 ad
936 2304 984 2344 me
1007 2282 1114 2346 literas
1146 2283 1246 2347 serius

125 2369 241 2449 accepi,
258 2366 382 2429 duabus
404 2365 522 2429 scilicet
547 2365 646 2447 postd
670 2364 925 2444 hebdomatibus,
950 2390 1044 2450 quam
1066 2370 1244 2450 scripseras,

127 2455 256 2517 exactis.
303 2453 357 2514 nis
380 2460 416 2514 ut
439 2451 561 2534 lepidus
584 2457 616 2514 et
639 2451 771 2515 festivus
793 2452 887 2516 homo
908 2458 938 2517 te
955 2455 1052 2518 tuisse
1075 2459 1243 2537 pastorem,

127 2562 185 2603 nos
216 2561 284 2602 esse
314 2539 397 2620 quod
428 2543 463 2601 tu
500 2537 616 2615 lucras,
652 2559 758 2600 verum
792 2538 929 2620 glossam
963 2539 1114 2621 requiro‘
1158 2540 1244 2606 Satis

128 2627 210 2689 enim
245 2627 383 2687 statuere
416 2644 547 2705 nequeo,
578 2646 618 2686 an
646 2623 770 2687 subulci
800 2647 840 2687 an
872 2625 1026 2708 opiliones
1050 2649 1089 2690 an
1114 2628 1246 2710 caprarii

127 2735 167 2775 an
194 2710 323 2774 bubulci
347 2732 386 2773 an
410 2709 561 2773 anserarii
583 2732 623 2772 an
647 2709 804 2790 gallinarii
819 2712 927 2775 simus.
967 2710 1048 2775 Illud
1064 2712 1130 2776 fore
1145 2734 1245 2796 spem,

128 2803 164 2860 ut
188 2796 273 2860 brevi
297 2796 391 2859 ditior
415 2801 447 2858 et
468 2795 567 2876 major
595 2794 784 2858 Hartmanni
818 2797 983 2860 clarissimi
1016 2799 1116 2879 patris
1151 2800 1245 2863 bene-

127 2884 198 2946 ficio
221 2884 288 2946 lias.
336 2882 447 2964 ltaque
470 2881 592 2944 celebra
615 2881 724 2956 virum,
748 2883 803 2963 qui
826 2884 972 2965 prodesse
996 2889 1108 2965 potest.
1155 2885 1236 2949 Vale.

283 2982 343 3035 Cod.
363 2981 427 3036 Frcf.
448 2982 496 3034 159
515 2981 567 3033 und
586 2981 643 3035 308.

128 3172 243 3239 (cotra.)
648 3155 719 3220 309.
1037 3173 1145 3240 (Herbsr
1163 3172 1248 3241 isra.)

501 3282 643 3351 blutian
666 3301 714 3351 an
737 3281 874 3352 Urban.

174 3409 335 3479 (illittcr‘lrmp
352 3410 528 3478 selreraleuslcr
545 3412 739 3480 Borrrrrlwrpcn
758 3429 809 3465 aus
826 3414 911 3465 erarem
928 3412 1017 3479 Bricsc
1034 3413 1077 3465 des
1099 3414 1209 3482 Cretera.)

163 3527 435 3577 Praestantissimo
454 3528 538 3586 patri
555 3527 593 3578 H.
612 3526 739 3577 Urbano
757 3527 875 3577 flamini
893 3527 1089 3578 cisterciensi
1105 3539 1216 3588 graece

384 3620 388 3629 ¹
428 3616 460 3663 et
477 3613 574 3663 latine
593 3612 684 3663 docto
704 3610 758 3679 (Μ.
776 3611 897 3679 Rufus).

232 3723 333 3788 Salus
378 3725 494 3800 Habes,
529 3723 665 3797 Urbane,
701 3746 827 3806 gravem
852 3725 903 3788 hic
925 3729 1036 3789 testem
1065 3726 1193 3790 laudum
1217 3731 1249 3791 et

129 3811 247 3891 gloriae
280 3812 413 3874 loannis
447 3810 610 3883 Reuchlin,
636 3812 692 3873 viri
716 3812 901 3888 doctissimi,
935 3813 1136 3887 sanctissimi,
1171 3813 1249 3877 cele-

130 3896 281 3960 berrimi⁵
326 3896 460 3961 llliratur
493 3903 609 3974 antem,
639 3919 694 3960 our
722 3920 760 3960 ex
792 3897 938 3978 'l'oringis
961 3898 1036 3961 tacti
1059 3899 1125 3961 sint
1147 3898 1250 3982 Tyrri-

129 4019 331 4028 -—-——--—

197 4082 210 4109 e
224 4067 373 4120 char-actara
396 4067 455 4121 Corl.
472 4069 530 4120 159.
601 4066 716 4119 bhubito
739 4066 797 4119 (bd.
815 4068 873 4119 159.
944 4066 1099 4121 cenorum-0
1122 4066 1180 4120 eod.
1200 4068 1250 4120 159

134 4137 190 4188 arrd
206 4138 270 4188 308.
340 4140 354 4177 d
370 4141 427 4203 post
442 4135 504 4202 seren
523 4153 552 4187 rer
575 4135 632 4189 oa.
651 4138 709 4187 159.

201 4208 208 4237 ¹
226 4206 303 4271 Vcrg.
323 4208 386 4257 hon.
406 4206 434 4269 l,
445 4207 484 4258 nr.
555 4206 565 4236 ²
583 4206 646 4257 ilios
664 4204 833 4272 Epitaphium
851 4203 967 4258 hlutians
985 4205 1031 4256 aui
1048 4205 1100 4257 Abt
1116 4204 1249 4258 Johanuos

129 4273 163 4326 ll.
183 4275 215 4327 ist
234 4275 300 4327 noch
319 4275 435 4326 crlraltou
453 4273 505 4326 und
523 4273 627 4339 alrgcdr.
646 4291 671 4327 r.
691 4273 936 4341 Spnugcnbcrg,
954 4272 1116 4342 llonuebcrg.
1135 4272 1257 4327 Chronilr.

131 4342 162 4402 Υ,
181 4360 220 4411 cp.
239 4345 280 4404 ll,
299 4344 447 4396 soniu‘rou
465 4343 588 4403 Tonzol,
612 4342 747 4410 Reliquiae
765 4359 821 4409 opp.
840 4341 905 4396 hlut.
924 4342 1015 4408 elogiis
1033 4344 1139 4399 mixtae,
1158 4359 1181 4410 p.
1201 4343 1250 4395 114

130 4429 169 4478 sq.
199 4412 426 4499 Fiinlpllisticben.
454 4411 604 4489 lrrtitrnliclr
618 4411 681 4524 burst
693 4411 876 4489 Spaugenherg
887 4428 916 4489 cs
928 4412 973 4463 nul
986 4412 1035 4463 don
1047 4411 1100 4464 'lod
1117 4411 1250 4464 lohannes

130 4480 176 4580 ¹¹¹⁵
192 4482 581 4629 strarescellas
596 4479 962 4628 rat'rrrrlmrr
981 4479 1250 4629 remeare

131 4619 257 4688 Adagrou.
311 4622 321 4652 ⁴
338 4621 387 4672 llic
405 4622 524 4672 Antwort
540 4619 643 4671 schernt
661 4635 687 4670 rn
706 4618 755 4671 den
775 4617 881 4670 ll'orten
901 4618 947 4671 dos
964 4618 1024 4685 lolg.
1042 4617 1085 4672 Br.
1103 4635 1136 4671 zu
1151 4618 1249 4687 hegen:

131 4687 239 4756 »Caprea
264 4689 333 4758 pavi,
357 4705 425 4741 nunc
452 4686 577 4756 capellam
603 4686 707 4743 habeo«
775 4686 856 4740 ‘Des
873 4686 985 4757 Zougn‘us
1004 4688 1038 4739 ist
1054 4687 1099 4741 eiu
1115 4686 1191 4739 sacr
1204 4688 1259 4737 <les
