2774 4966
420 39 1381 243 -

422 94 428 113 b

144 591 209 656 614
372 587 526 640 Zcrslreute
546 586 634 640 Briele
652 604 700 641 aus
718 588 924 644 verschiedenen
943 587 1044 643 ceren

149 754 331 820 academiae
363 756 464 835 pratis
498 754 734 819 amoenioribus
768 755 961 838 praecerpsit
988 758 1021 819 st
1048 753 1176 821 ridetur
1209 775 1289 819 con·

149 839 264 905 sectari
290 838 453 902 Plotinum
477 846 509 903 et
530 840 761 904 Bessarionem.
808 839 929 913 Ultimo
952 843 1036 904 certe
1058 840 1164 923 capite
1181 843 1288 905 totam

150 924 297 988 Platonis
331 923 565 1023 philosophiam
604 926 747 989 encomio
785 925 885 989 nobili
922 946 1105 1008 quanquam
1145 925 1288 990 breviter

149 1009 343 1074 celebratet
310 1011 474 1090 etprimis
498 1010 623 1074 duobus
645 1010 734 1074 libris
758 1010 960 1074 vehementer
983 1010 1050 1092 plat
1052 1011 1186 1075 onissat
1232 1013 1286 1087 At,

151 1095 230 1159 deus
254 1094 346 1169 bone,
371 1116 442 1158 cum
465 1096 505 1158 ad
530 1094 799 1159 christianost
744 1100 799 1176 pat
801 1117 850 1158 ras
872 1096 993 1178 apatiat
994 1117 1032 1158 ιιι
1053 1101 1087 1158 et
1109 1115 1181 1159 cum
1208 1093 1286 1159 bar·

149 1175 236 1244 baris
259 1180 336 1259 agit,
361 1201 455 1260 quam
479 1181 632 1244 ridiculus
655 1185 713 1257 est,
730 1203 826 1262 quarn
843 1181 988 1262 ineptus!
1012 1201 1032 1243 ιι
1036 1179 1286 1247 tecutaminare

149 1264 228 1329 mibi
261 1265 369 1328 videat
356 1270 407 1327 tur
444 1264 698 1363 theologumenis
732 1287 795 1329 uon
830 1265 989 1328 illustrare
1027 1265 1284 1331 commentarios.

150 1349 320 1413 Ridebis
306 1350 371 1412 scio
395 1350 489 1413 nimis
512 1351 641 1414 anxiam
665 1372 773 1413 curam
797 1350 937 1414 hominis
968 1350 1072 1430 capite
1097 1348 1177 1413 XLI,
1210 1349 1285 1414 libri

149 1434 243 1509 XIII,
281 1434 337 1496 ubi
373 1435 562 1515 sapientiam
609 1436 684 1498 ludo
729 1440 892 1516 comparat
936 1433 1037 1498 fretus
1074 1433 1285 1517 ,praejudiciis

150 1518 377 1595 Hebraeorum,
407 1519 494 1582 etin
519 1541 555 1583 eo
579 1519 657 1583 levis
679 1524 728 1583 est
755 1519 986 1584 authoritatem
1017 1518 1177 1583 tibicen-⁸
1221 1517 1285 1584 Ssd

150 1608 228 1686 puto
268 1604 371 1667 nostri
408 1605 559 1687 temporis
594 1604 754 1685 theologis
791 1627 828 1668 ea
864 1606 897 1668 in
932 1626 966 1667 re
1000 1604 1219 1686 gratissimum
1253 1609 1286 1668 et

149 1689 287 1752 maxime
317 1688 486 1770 plausibile
516 1695 730 1754 commentum
753 1689 838 1753 fecit.
884 1689 998 1752 Adbuc
1030 1689 1168 1772 ineptior
1201 1689 1284 1754 libro

151 1779 244 1838 sexto
278 1774 382 1855 capite
416 1774 510 1850 XXI,
546 1775 673 1854 agitans
706 1776 926 1855 quaestionem
962 1796 1039 1838 saue
1073 1775 1217 1841 odiosam
1252 1779 1285 1839 et

151 1859 272 1942 pullato
238 1857 423 1922 tcirculo
457 1861 585 1923 minime
620 1859 824 1941 vulgandam,
858 1882 899 1924 an
929 1861 962 1922 in
991 1858 1144 1941 abjuncta
1177 1860 1286 1926 anima

151 1945 288 2039 supersit
321 1944 472 2007 memoria
502 1943 550 2007 vel
580 1967 701 2008 sensus
747 1945 835 2008 Rect
813 1949 878 2009 trus
913 1945 1050 2018 lecisset,
1026 1946 1105 2010 tsi
1126 1945 1159 2010 id
1181 1967 1285 2028 genus

154 2029 337 2109 aenigmata
360 2034 410 2092 tot
433 2030 539 2110 placit
532 2052 568 2105 rs,
591 2034 641 2093 tot
627 2030 798 2094 tdecretis
821 2053 860 2093 ne
884 2031 1025 2095 dicams
1010 2029 1153 2114 strophis
1175 2029 1286 2115 dispu-

150 2115 291 2178 tantium
314 2113 484 2178 obscurata
507 2137 670 2197 nunquam
703 2115 875 2196 attigisset.
922 2114 1030 2178 Gloria
1064 2120 1137 2180 exst
1123 2116 1287 2181 timulavit

152 2200 253 2296 virum
287 2199 492 2280 antiquitatis
522 2201 712 2276 studiosum,
743 2205 781 2265 ut
811 2203 880 2265 sine
907 2200 1028 2281 J'udicio
1062 2201 1285 2284 deligenter

153 2284 240 2350 omni
274 2306 387 2365 genere
421 2285 459 2349 lit
445 2289 584 2350 terarum
618 2251 766 2385 λογάδες.
812 2286 926 2350 Effecit
954 2287 1049 2369 plane
1072 2290 1230 2352 moretum
1253 2291 1286 2351 et

156 2370 347 2452 farraginem
371 2369 467 2433 etiam
491 2371 564 2448 illis,
588 2373 642 2470 qui
660 2393 776 2471 magna
793 2371 883 2435 audit
870 2376 973 2434 torum
993 2370 1173 2453 frequentia
1189 2377 1285 2455 quot-

153 2455 327 2520 libet'ta
290 2461 327 2519 ut
356 2455 417 2536 ipsi
448 2457 605 2520 vocant
598 2458 781 2521 instituunt.
759 2457 1016 2520 tlntsulsus
1003 2461 1071 2521 turn
1107 2459 1285 2541 praecipue,

154 2563 225 2604 cum
250 2540 454 2619 hvicennam,
485 2542 690 2619 Bernardum,
723 2543 896 2619 Albertum,
930 2543 1089 2606 hverroim
1122 2543 1244 2608 alienos
1266 2567 1286 2607 a

150 2648 211 2690 suo
243 2626 388 2689 lucot
346 2627 433 2689 citat.
482 2616 671 2689 Χελιδόιωι
695 2630 843 2705 aorosia,
872 2633 908 2690 ιιι
895 2629 1050 2691 idiceres
1072 2623 1287 2714 ἐπιφυλλίδες

153 2708 208 2773 καὶ
231 2699 460 2860 ormprilrrturu.
506 2710 569 2776 Sed
593 2713 714 2794 quidf
713 2714 798 2776 scias
832 2678 987 2795 hegyptio
1022 2713 1194 2795 sophistae,
1231 2716 1287 2795 qui

155 2798 335 2861 Proteum
328 2797 398 2860 rmit
400 2798 446 2860 ari
468 2819 524 2880 ges
525 2798 632 2872 litet
599 2799 725 2862 etiamsi
748 2798 933 2862 echinorum
956 2800 1112 2880 asperitas
1133 2800 1287 2864 intersit?

157 2881 326 2962 Utcunque
349 2883 402 2960 sit,
426 2885 454 2946 si
477 2884 647 2947 universim
681 2885 844 2957 decernas,
877 2886 1059 2947 versatur
1051 2906 1114 2948 ru
1107 2886 1286 2967 pomoeriis

156 2968 222 3031 suis
256 2989 319 3030 non
354 2968 422 3031 sine
455 2968 548 3031 laude
581 2974 614 3033 et
647 2971 886 3050 grammaticam
924 2969 1152 3067 supellectilem
1186 2972 1288 3052 gratis

159 3051 309 3116 omnibus
332 3052 463 3116 exhibet
450 3055 532 3118 tnit
519 3055 677 3130 tidiorem,
697 3059 881 3151 couten,tus
904 3057 970 3118 ut
962 3077 994 3119 ιιι
1019 3053 1123 3118 fronte
1137 3059 1288 3132 testatur

155 3139 183 3202 si
211 3138 308 3200 livore
339 3140 443 3236 posito
476 3139 562 3221 legat
564 3162 608 3203 ur
654 3128 747 3224 Arici,i
780 3161 843 3222 yco
874 3105 1196 3222 οἷιιιιιελιιριωσις
1185 3130 1288 3225 ικαιὴ

157 3223 192 3288 Si
215 3222 398 3305 antiquario
423 3229 530 3288 nostro
481 3224 672 3288 tsultlcit
702 3225 820 3289 candor
851 3224 987 3303 lectoris,
1021 3225 1116 3289 debet
1102 3229 1171 3289 tet
1192 3226 1289 3290 nobis

158 3310 292 3392 placere,
310 3310 394 3391 quod
411 3316 481 3390 grat
483 3312 516 3373 ui
520 3316 552 3373 to
570 3310 754 3391 publicarit.
792 3311 827 3373 In
845 3333 969 3374 summa
985 3312 1032 3374 sic
1047 3310 1138 3374 velim
1156 3310 1289 3388 habeas,

160 3395 416 3475 quandoquidem
453 3395 529 3475 quid
564 3398 698 3458 sentiam
731 3400 784 3477 pe
786 3418 821 3458 re.
867 3396 1068 3477 Rhodiginus
1100 3396 1289 3461 scholiastes

157 3480 343 3543 Platonicus
367 3479 484 3542 latinae
506 3481 633 3561 liuguae
665 3479 804 3558 delicias,
839 3503 919 3561 quas
953 3488 1129 3564 temporum
1164 3482 1290 3546 incuria

160 3565 342 3643 maculavit,
368 3565 500 3629 feliciter
524 3567 577 3629 de
580 3566 687 3629 ersi
690 3566 807 3629 ttrelu
829 3565 874 3630 alt
861 3571 962 3630 tarum
986 3566 1289 3632 Amaltheaecornu

156 3651 332 3733 proposuit.
310 3650 458 3713 tlllud
492 3657 548 3714 aut
550 3673 598 3714 em
634 3650 797 3715 laboribus
831 3651 917 3714 docti
891 3651 1137 3733 tprofessoris
1170 3653 1290 3716 condo-

158 3758 279 3811 nemus,
303 3736 388 3817 quod
411 3736 555 3800 videatur
564 3736 696 3854 majore
726 3758 803 3800 usus
837 3737 988 3801 sedulitat
939 3742 1007 3801 tate
1040 3758 1136 3835 quarn
1166 3737 1289 3819 judicio

158 3825 189 3884 et
213 3785 301 3884 vellit
323 3821 397 3884 alba
425 3818 575 3885 amussis²
599 3824 631 3885 in
655 3823 801 3903 augendo
835 3844 937 3904 opere.
984 3821 1124 3886 Tametsi
1159 3824 1290 3904 gravius

158 3907 298 3987 peccarit
326 3908 502 3989 suppressis
534 3907 710 3980 autoribus,
734 3931 753 3971 a
776 3907 892 3987 quibus
916 3906 1085 3988 plurimum
1108 3910 1157 3970 est
1180 3913 1290 3972 mutu·

158 3998 240 4054 atus.
286 3990 357 4054 Nun
383 3992 414 4053 id
438 3991 564 4056 fecisset
588 3990 729 4056 Ceselius
753 3990 890 4055 Vindex³
915 4014 1018 4075 neque
1041 3992 1174 4070 Plinius,
1196 3994 1290 4075 cujus

157 4113 361 4120 w...—

226 4159 366 4211 sibinen

226 4165 340 4282 ¹iiber
347 4227 389 4279 die
409 4228 604 4296 qtuaesionosr
600 4228 838 4294 ι]ιιοιι1ιιιοιιιιιι,ι
827 4228 963 4280 leierliehe
991 4227 1176 4280 alrademische
1202 4227 1290 4281 Rede-

157 4295 225 4358 alrt,e
191 4297 298 4365 tagl.
318 4249 472 4361 Zarncllre,
498 4296 632 4348 Ztschul.
653 4297 775 4349 dsutsolr.
800 4296 891 4349 Altera
911 4314 936 4347 ι.
956 4296 990 4350 bl
1014 4296 1104 4363 Haupt
1122 4295 1171 4358 lX
1191 4296 1290 4349 119ff.

159 4363 232 4417 1852.
271 4364 459 4417 Dessolben
466 4336 611 4416 'bonasus
627 4336 851 4416 ιῖηιιοιιιιιιιιοη
845 4380 881 4415 nn
900 4364 934 4416 bl
955 4369 984 4416 A.
1003 4364 1066 4431 Lpa
1087 4336 1187 4428 1857'1,
1199 4363 1290 4417 aem.

194 4433 344 4485 ²anussie
362 4432 429 4496 alba,
454 4448 504 4484 rou
523 4433 617 4493 denen
643 4433 685 4484 dia
709 4433 777 4484 ohne
805 4432 933 4484 Arrsunhl
959 4434 1011 4484 und
1027 4381 1124 4486 PUrtsil
1142 4403 1291 4488 solimibsu.

208 4501 275 4570 igion
296 4502 342 4554 des
356 4473 489 4554 Erasmus
544 4500 699 4554 3ιιιοοιιιιιε
717 4501 830 4566 linder,
848 4499 936 4554 lateIn.
955 4499 1154 4568 Grammatikor,
1172 4500 1291 4554 schrisb:

216 4572 364 4630 montanos
381 4571 531 4630 lectioumn
550 4571 731 4643 antiquarum.
764 4540 835 4623 deli
846 4568 889 4635 lt,
902 4570 947 4623 ιιι
