2774 4966
199 398 205 409 s

554 645 661 705 Mutian
680 665 714 703 arr
733 641 833 704 Urbau.
1193 643 1257 717 449

126 826 159 887 et
182 819 353 887 honestum
376 844 446 887 esse
468 844 591 906 semper
613 823 708 887 volui.
754 822 833 905 Ego,
855 823 883 887 si
906 823 1034 905 quaeris
1049 771 1126 904 ‹iuid
1142 823 1257 904 legam,

125 907 255 972 confero
290 907 422 971 Davidis
456 908 603 991 hymnos¹
637 914 669 972 et
700 909 805 972 verbis
836 929 932 990 prope
957 909 1108 990 singulis,
1139 909 1256 972 nedum

125 1016 274 1058 versuum
299 995 500 1058 sententiolis
523 997 681 1057 immoror.
728 995 858 1057 Invenio
877 1015 985 1074 parum
1003 995 1135 1058 fructus.
1175 993 1256 1058 Nam

124 1084 250 1162 praeter
275 1079 457 1160 Hieronymi
479 1080 587 1142 limam
613 1080 690 1142 nihil
716 1079 780 1142 lere
804 1080 922 1160 profert
951 1084 1129 1159 enarrator;
1159 1080 1257 1158 rudis,

125 1170 163 1238 ut
199 1169 356 1246 apparet,
381 1165 548 1228 hebraicae
584 1165 777 1238 literaturae,
815 1185 947 1245 graecas
984 1165 1092 1228 literas
1130 1169 1256 1228 tantum

125 1252 268 1333 gustavit
293 1255 325 1313 et
348 1249 432 1331 fugit.
455 1255 491 1313 ut
520 1252 608 1313 cauis
640 1252 678 1313 de
709 1250 780 1313 Nilo
813 1250 936 1313 bibens.
982 1250 1017 1312 ln
1048 1249 1159 1313 latinis
1192 1272 1257 1314 non

126 1336 260 1400 multum
294 1357 408 1417 operae
438 1337 555 1418 posuit,
587 1337 629 1399 ob
655 1337 686 1398 id
710 1343 816 1398 tamen
849 1335 1039 1410 laudandus,
1070 1336 1155 1416 quod
1186 1335 1258 1399 dili-

126 1425 240 1502 genter
270 1421 409 1500 collegit,
439 1444 520 1503 quae
544 1442 641 1484 nosse
672 1423 784 1502 quivit.
831 1421 942 1484 Verum
968 1421 999 1483 in
1023 1421 1102 1502 ipsis
1131 1441 1260 1504 quoque

127 1507 332 1571 collectaneis
355 1528 417 1570 non
443 1509 520 1570 facit
543 1506 622 1569 mihi
649 1508 738 1570 satis.
784 1507 929 1588 Exempli
955 1507 1069 1586 gratia,
1100 1512 1136 1571 ut
1157 1527 1260 1588 pauca

128 1593 167 1656 de
200 1592 312 1655 multis
345 1593 527 1655 ostendam:
565 1592 720 1656 Gallicum
756 1591 944 1655 Psalterium
979 1593 1026 1655 sic
1059 1592 1136 1674 legit
1171 1593 1258 1656 huuc

127 1699 270 1741 versum:
297 1677 363 1758 „Da
387 1678 480 1741 nobis
503 1679 657 1741 auxilium
683 1678 720 1741 de
744 1677 960 1752 tribulatione,
983 1678 1059 1758 quia
1075 1699 1157 1740 vana
1172 1677 1259 1742 salus

129 1762 300 1840 hominis“,
317 1784 466 1826 romanus
482 1762 581 1827 lector
596 1763 658 1826 hoc
674 1763 784 1826 rnodo:
812 1768 863 1844 „et
886 1784 970 1825 vana
985 1763 1072 1825 salus
1088 1762 1255 1826 hominis.“

129 1848 288 1912 Hebraica
320 1850 542 1930 interpretatio
576 1853 658 1912 teste
690 1848 883 1930 Hieronymo
922 1847 1034 1910 habet:
1075 1869 1176 1930 „vana
1209 1853 1259 1913 est

127 1935 210 1997 enim
237 1934 324 1996 salus
340 1934 380 1997 ab
398 1934 554 1997 homine.“
602 1933 661 1996 Hic
677 1934 878 2015 Stapulensis
894 1933 1085 2013 elegantiam
1108 1934 1260 2014 ignoraus

127 2019 260 2083 latinam
279 2020 367 2097 dicit,
385 2042 482 2100 quare
500 2019 550 2082 hic
566 2041 676 2082 versus
699 2019 863 2082 decentius
886 2019 1057 2100 legeretur:
1084 2018 1151 2099 „Da
1166 2020 1259 2084 nobis

128 2106 283 2167 auxilium
311 2105 348 2167 de
372 2104 589 2180 tribulatione,
613 2106 689 2186 quia
710 2127 791 2167 vana
815 2104 901 2167 salus
925 2103 1097 2167 hominis“:
1125 2106 1259 2188 „Aptius

127 2192 209 2252 enim
242 2189 321 2252 hic⁸
349 2192 424 2271 qnia
455 2212 551 2271 quam
580 2194 620 2263 et,
652 2211 796 2253 sermone
823 2191 969 2271 pariterb
992 2192 1024 2252 et
1047 2190 1260 2271 intelligentia

126 2274 283 2337 meliore.“
332 2274 434 2338 Multa
462 2283 496 2338 tu
531 2276 657 2357 quidem
693 2276 784 2352 dicis,
814 2296 832 2337 o
864 2273 1076 2356 StapulensiS,
1111 2277 1166 2338 sed
1198 2277 1259 2340 tibi

126 2381 191 2423 uon
216 2361 318 2423 credo.
364 2360 483 2432 Nescis,
508 2359 649 2441 profecto
674 2362 776 2423 nescis
805 2360 913 2423 eodem
945 2359 1127 2440 significatu
1158 2363 1259 2444 accipi

128 2447 204 2527 quia
240 2451 272 2508 et
306 2447 399 2508 enim.
457 2446 527 2509 Non
562 2446 670 2526 legisti
702 2446 820 2509 latinos
852 2450 1008 2509 auctores.
1063 2445 1146 2527 Lege
1180 2446 1258 2510 Fab.

127 2531 359 2607 Quintilianum
379 2531 458 2594 libro
474 2532 496 2594 l.
521 2531 762 2594 Institutionum
779 2532 1006 2594 oratoriarum:
1034 2531 1135 2612 „Ante
1153 2533 1261 2595 omnia

127 2639 166 2680 uo
184 2618 226 2679 sit
244 2617 377 2679 vitiosus
400 2638 502 2679 sermo
528 2617 713 2686 nutricibus,
731 2638 821 2698 quas,
839 2617 866 2679 si
880 2617 948 2679 fieri
964 2620 1082 2698 posset,
1099 2617 1260 2697 sapientes

128 2701 325 2784 Chrysippus
359 2703 492 2784 optavit,
527 2707 621 2778 certe,
656 2710 812 2782 quantum
842 2723 891 2764 res
914 2705 1086 2784 pateretur,
1121 2703 1260 2784 opt-imas

127 2787 230 2867 eligie
263 2787 373 2850 voluit.
419 2788 460 2850 Et
489 2808 611 2850 morum
643 2788 769 2869 quidem
796 2788 828 2849 in
854 2787 903 2850 his
934 2787 1018 2850 haud
1050 2785 1145 2850 dubie
1176 2789 1261 2869 prior

128 2875 210 2936 ratio
235 2881 292 2944 est,
319 2879 401 2935 recte
424 2880 530 2935 tamen
555 2874 650 2936 etiam
674 2874 857 2953 loquantur.
903 2871 968 2935 Has
991 2872 1126 2953 primum
1149 2874 1261 2937 audiet

129 2979 222 3039 puer,
247 2958 356 3020 harum
382 2960 477 3021 rerba
501 2958 650 3040 effingere
673 2959 828 3022 imitando
857 2958 1035 3021 conabitur.
1080 2956 1123 3020 Et
1145 2962 1261 3023 natura

129 3045 328 3108 tenacissimi
350 3066 459 3107 sumus
483 3066 601 3121 eorum,
626 3067 707 3126 quae
730 3044 863 3107 rudibus
886 3044 979 3106 annis
1002 3042 1204 3124 percipimus,
1225 3049 1262 3109 ut

128 3151 233 3212 sapor,
252 3150 315 3210 qno
332 3151 414 3191 nova
437 3129 573 3207 imbuas,
597 3127 737 3193 durat.“²
783 3128 877 3191 Vides
893 3128 953 3191 hoc
969 3127 1038 3192 loco
1057 3135 1109 3209 „et
1124 3129 1258 3194 natura“

128 3216 270 3297 positum
295 3236 363 3277 esse
387 3235 442 3295 pro
468 3214 591 3296 „quia.“
639 3215 757 3278 Notum
781 3214 859 3277 illud
885 3213 1112 3294 Vergilianum:
1145 3213 1262 3296 ,Audi-

127 3323 197 3363 eras
232 3304 263 3363 et
297 3301 381 3363 fama
404 3298 512 3363 fuit.“³
557 3299 652 3363 Nulla
683 3304 731 3364 est
761 3301 860 3381 igitur
894 3300 1061 3375 dissensio,
1094 3300 1149 3364 sed
1182 3302 1262 3365 mira

128 3387 294 3449 consensio
318 3387 349 3448 in
375 3387 446 3448 istis
469 3387 573 3449 tribus
596 3385 748 3449 versibus.
799 3386 909 3449 Nonne
941 3385 1022 3448 idern
1055 3384 1212 3465 significo,
1235 3388 1262 3450 si

128 3473 256 3535 dixero:
292 3472 424 3551 „Diligit
455 3470 618 3535 Urbanum
647 3470 822 3549 Mutianus,
859 3472 935 3552 quia
972 3471 1126 3534 bonorum
1161 3474 1262 3554 scrip-

127 3563 233 3621 torum
258 3563 306 3619 est
329 3557 489 3635 aemulus,
509 3557 671 3638 jucundus
696 3562 728 3620 et
754 3578 846 3619 carus
869 3561 919 3620 est
941 3554 1086 3620 Mutiano
1104 3555 1261 3636 Urbanus,

130 3647 180 3706 est
203 3643 285 3705 enim
310 3642 473 3705 studiosus
498 3647 653 3714 veterum;
677 3647 709 3704 te
732 3663 803 3705 amo
828 3647 860 3704 et
882 3645 917 3705 tu
942 3664 992 3705 me
1014 3663 1102 3705 amas
1125 3647 1157 3706 et
1178 3646 1263 3707 anti·

132 3729 266 3810 quitatis
292 3728 438 3790 notitiam
464 3727 610 3791 habes“?
654 3726 717 3790 Sed
741 3727 896 3791 hactenus
920 3727 958 3790 de
981 3726 1105 3790 studiis.

232 3813 320 3876 Jussi
356 3813 488 3875 Publius
519 3823 552 3876 et
584 3813 706 3876 Drusus
739 3834 773 3874 se
808 3815 991 3876 exercerent
1028 3813 1197 3877 scribendo
1230 3819 1263 3878 et

130 3905 220 3962 tuum
247 3903 393 3980 nepotem
424 3899 627 3961 stimularent
658 3897 955 3979 provocatumque*
1002 3894 1124 3961 Tardus
1153 3902 1202 3962 est
1230 3904 1263 3962 et

131 3986 228 4048 crassi
261 3985 379 4063 ingenii
413 3983 554 4058 Publius,
585 3983 640 4047 sed
664 3984 785 4046 Drusus
818 3985 971 4061 omnium,
1006 4003 1086 4063 quos
1120 4004 1260 4064 unquam

131 4069 207 4147 vidi,
232 4069 442 4132 tardissimus.
489 4069 598 4132 hibuit
621 4074 726 4132 tamen
751 4067 949 4153 φιλοσοφεῖν
973 4073 1005 4132 et
1028 4068 1107 4131 nihil
1138 4070 1262 4149 agendo

131 4225 331 4233 ——.-„‚

199 4307 271 4358 nuic
289 4306 358 4357 cuim
381 4305 454 4357 Traia.
525 4305 651 4373 bparitcr
667 4306 730 4372 fehlt
748 4305 789 4356 hei
808 4304 881 4357 lbra.
952 4303 1055 4373 relegi.

131 4394 178 4447 Nr.
205 4394 255 4445 324
278 4409 303 4445 u.
327 4393 377 4443 375
402 4391 495 4454 haben,
519 4393 645 4444 schcinou
670 4391 743 4444 nicht
767 4390 928 4512 mitppzthlt
953 4391 987 4442 da
1012 4390 1081 4442 auch
1103 4390 1146 4442 die
1170 4389 1262 4443 beiden

105 4505 107 4510 .
132 4462 270 4530 folgenden
298 4461 395 4520 {dieser
422 4461 475 4511 und
502 4460 547 4514 Nr.
575 4462 637 4528 411)
656 4460 790 4512 dicsclben
843 4475 963 4512 ummem
990 4462 1088 4527 hagan.
1120 4458 1171 4512 'lah
1195 4458 1263 4512 habe

133 4531 173 4582 sio
202 4530 286 4581 durch
304 4545 320 4580 a
338 4529 391 4580 und
411 4529 427 4579 h
445 4528 610 4595 geschiodcn.
647 4530 750 4596 Aniang
776 4530 829 4580 uud
857 4527 967 4580 Sclrluss
994 4527 1040 4578 dos
1067 4525 1111 4582 Br.
1139 4526 1208 4580 auch
1236 4528 1262 4580 in

131 4598 263 4651 Bdckin
270 4615 294 4665 g,
312 4596 378 4664 Opp.
397 4596 470 4649 llutt.
485 4597 505 4663 1,
518 4598 548 4649 31
564 4614 601 4665 sq.
659 4601 664 4628 ¹
683 4597 780 4650 Fabers
790 4596 956 4649 Psaltorium.
980 4594 1092 4647 Busta.
1146 4598 1156 4628 ²
1175 4595 1263 4648 wurt-

136 4666 190 4719 lr'ch
209 4682 257 4719 aua
276 4666 364 4730 Quint.
383 4666 403 4732 l,
425 4668 446 4730 l,
464 4667 488 4717 4.
508 4668 531 4717 ι’).
604 4665 686 4718 ³Ecl.
706 4665 754 4732 lX,
775 4668 813 4720 ll.
885 4664 937 4729 (ὃ.
956 4665 999 4716 die
1016 4662 1109 4716 beiden
1129 4679 1183 4718 vor.
1203 4663 1247 4717 ur.

158 4755 290 4796 aerenum
305 4754 332 4793 x.
346 4754 372 4793 r.
387 4754 464 4800 Suppl.
478 4754 520 4792 rx.
1011 4733 1061 4797 Ἃ
