2774 4966
131 626 193 689 110
513 603 600 675 naen
618 634 669 675 von
688 618 869 677 reos-noa

130 800 209 863 leret
231 797 343 865 amico.
367 797 427 860 etsi
451 796 551 861 serius
574 796 724 879 opinione
746 818 825 874 mea,
848 796 944 861 eitius
960 801 1066 863 tamen
1083 798 1148 877 fiet,
1164 811 1263 881 quem

131 906 289 949 sacrorum
323 883 404 945 ratio
434 903 528 964 passa
556 891 613 945 est.
664 882 741 946 Nam
772 884 800 946 is
828 882 915 946 abire
947 883 1059 949 debuit
1081 886 1121 948 ad
1144 886 1262 951 festum

130 972 212 1035 diem
235 968 399 1033 Michaelis
422 973 573 1032 evocatus
597 967 681 1031 binis
703 968 803 1031 literis
827 968 977 1034 Birmosti
1001 971 1086 1035 mei.¹
1134 971 1197 1035 Sed
1223 993 1264 1034 ne

131 1058 289 1120 videretur
305 1054 463 1117 hominem
482 1055 701 1137 praeposuisse
712 1054 794 1130 Jovi,
811 1055 929 1118 obtulit
946 1057 1004 1119 deo
1021 1063 1260 1121 sacrosanctam

132 1144 278 1206 hostiam.
324 1140 433 1223 Neque
451 1163 513 1203 nno
529 1145 700 1204 contentus
716 1161 799 1221 agno
817 1141 949 1222 triginta
966 1144 1129 1208 continuis
1145 1143 1263 1207 diebus

131 1229 292 1293 immolare
326 1227 473 1299 decrerit,
509 1233 543 1290 ut
576 1225 701 1309 plenius
735 1226 840 1290 officio
876 1229 991 1291 mentis
1020 1236 1052 1292 et-
1080 1230 1261 1293 ministerio

129 1315 269 1397 corporis
294 1319 452 1395 parentem
478 1314 602 1394 generis
625 1311 756 1376 hnmani
779 1313 896 1376 coleret
919 1320 951 1397 et
978 1315 1259 1399 contemplaretur.

129 1401 244 1484 Negari
274 1422 337 1462 non
369 1404 483 1481 potest,
511 1399 587 1479 quin
617 1398 712 1462 homo
743 1399 814 1482 pius
843 1405 876 1462 et
896 1401 1049 1483 simplicis
1072 1424 1109 1465 ac
1131 1403 1262 1483 quietae

131 1489 216 1552 vitae
239 1487 398 1568 sapienter
421 1485 594 1548 instituerit
619 1486 821 1549 constitutori
848 1507 948 1549 rernm
973 1489 1113 1551 omniurn
1138 1489 1263 1569 gratias

129 1596 231 1655 agere,
260 1578 292 1635 et
319 1594 410 1653 quern
440 1570 540 1633 oeulis
569 1593 659 1635 nemo
702 1571 796 1635 videl.
829 1573 935 1635 animo
963 1575 1064 1637 metiri
1088 1580 1262 1657 menteque

131 1681 267 1734 cernere,
291 1659 354 1722 imo
378 1663 515 1721 tractare
531 1658 679 1721 manibus
696 1664 727 1720 et.
743 1658 775 1721 in
793 1659 912 1722 viscera
929 1660 1104 1723 recondere.
1144 1659 1260 1724 Verum

130 1748 192 1811 ista
222 1746 376 1809 securitas
403 1750 434 1806 et
466 1744 557 1825 quasi
586 1743 708 1807 desidia
732 1745 798 1807 visa
821 1750 869 1806 ost
893 1744 970 1809 mihi
992 1746 1175 1826 expeditum
1203 1748 1262 1811 im·

131 1833 236 1916 pedire
263 1835 294 1892 et
325 1854 344 1894 a
375 1829 458 1893 bona
488 1829 616 1892 fortuna
647 1830 813 1893 retrahere.
864 1829 951 1893 Jussi
982 1832 1079 1912 igitur
1109 1840 1142 1895 et
1171 1833 1259 1897 orari

130 1920 373 1999 obtestatusque
396 1937 465 1979 sum
490 1937 545 1997 pro
569 1922 672 1979 vetere
696 1923 803 1979 nostru
820 1917 1044 1998 conjunctione
1068 1941 1105 1981 ac
1120 1920 1260 1983 necessi·

128 2006 250 2077 tudine,
275 2010 310 2066 nt
325 2011 390 2066 tam
413 2003 556 2065 idoneam
573 2003 770 2065 occasionem
800 2025 862 2066 non
887 2009 1047 2086 pateretur
1062 2003 1144 2067 elabi
1160 2025 1260 2087 seque

128 2091 278 2156 alienae·
313 2090 425 2152 ditioni
456 2087 641 2169 subjugaret
670 2088 710 2150 ad
740 2091 952 2171 comparanda
983 2092 1066 2153 vitae
1102 2091 1258 2154 subsidia.

129 2178 245 2241 Addidi
269 2197 330 2239 nnn
348 2175 510 2238 defuturas
526 2175 668 2255 gloriam.
688 2180 886 2255 potestatem,
904 2177 1084 2240 memoriam
1108 2177 1257 2240 nominis.

130 2264 210 2342 Quid
234 2284 308 2344 ergo
331 2260 500 2345 superest?
545 2259 629 2323 Petit
659 2258 815 2340 llorgarn²
850 2284 898 2324 me
933 2263 1112 2345 impulsore,
1145 2264 1258 2327 relicta

129 2350 335 2435 perversitate
358 2360 390 2410 et.
413 2347 583 2411 insolentia
606 2346 713 2410 calvae
739 2370 860 2419 manus,
894 2371 1023 2429 sperans
1052 2349 1117 2412 lore
1142 2356 1178 2412 nt.
1202 2372 1258 2433 pro
1295 2404 1301 2413 .

129 2459 233 2519 opera,
256 2436 373 2503 studio.
396 2434 503 2497 labore
519 2434 652 2513 gratiam
669 2435 684 2471 ¹³
699 2439 731 2497 et
746 2436 966 2498 alletoritatem
989 2437 1072 2517 apud
1098 2436 1258 2519 principes

129 2526 213 2588 viros
235 2518 404 2603 acqni1·al..³
460 2519 493 2581 ld
527 2522 629 2602 ipsum
661 2521 779 2603 poteris
808 2521 867 2582 tihi
897 2522 1046 2603 polliceri,
1078 2523 1103 2584 si
1128 2522 1258 2587 divinus

129 2663 228 2671 .--——-
246 2663 254 2669 -
266 2663 312 2669 -...

197 2743 210 2770 ³
225 2726 309 2780 alieni.
362 2724 512 2790 bgrnciarn.

200 2794 368 2861 ¹Kura³iehs
391 2793 449 2847 Itat.
485 2794 511 2846 S.
530 2792 564 2846 68
583 2796 611 2846 A.
634 2796 654 2847 1.
735 2793 871 2861 ‘Tangam
894 2792 936 2845 die
961 2793 1089 2847 ltcsidenz
1113 2794 1161 2846 des
1187 2794 1257 2848 liur-

130 2869 236 2919 tttrstcn.
308 2854 409 2915 ³llber
430 2863 502 2915 scine
525 2861 725 2930 l'orstellungen
752 2863 790 2914 hei
811 2862 936 2930 Spalatin.
954 2864 1014 2916 dem
1033 2862 1099 2916 Rufe
1117 2879 1150 2915 ιιι
1169 2864 1256 2933 tolgan

130 2936 181 3005 rgl.
199 2937 249 2989 den
268 2933 341 2986 Briel
357 2931 391 2984 bl.
411 2948 443 2984 an
463 2931 589 2985 Herbord.
609 2931 707 2985 Comen.
728 2930 818 2986 Libell.
832 2948 890 2985 noe.
904 2933 977 2984 (tha
996 2932 1051 2999 (Νι.
1063 2933 1138 3000 nihl:
1158 2934 1256 2987 »Centi-

129 3006 190 3073 gavi
209 3004 300 3057 salsam
319 3001 390 3053 illins
408 3001 555 3068 opinionem
574 3001 606 3053 de
624 3016 663 3066 eo,
682 3001 750 3069 qnod
770 3001 855 3054 aulam
875 3001 962 3062 exilio,
982 3008 1116 3070 tarnquum
1130 3008 1176 3055 aut
1188 3002 1256 3055 rele-

129 3079 205 3143 gatus
230 3078 276 3125 aut
301 3072 452 3138 deportatus
470 3076 548 3125 esset.
566 3073 664 3122 temere
683 3074 886 3137 comparaverat.
923 3069 1027 3123 Salsum
1046 3076 1086 3123 cst
1104 3087 1210 3123 cannen
1230 3076 1257 3123 nt

71 3183 76 3191 .
130 3144 234 3211 plenum
254 3140 423 3194 urbanitatis:

301 3208 372 3261 l'allo
391 3208 465 3274 cupis
484 3212 558 3259 rasta
575 3223 685 3275 semper.
704 3207 844 3274 Spalatine,
859 3208 954 3274 jacere,

350 3277 409 3329 nula
427 3276 474 3329 tibi
493 3276 575 3328 foedis
593 3276 681 3329 durior
698 3281 737 3328 cst
756 3278 857 3345 Gyaris,

298 3348 367 3415 quird
385 3346 507 3399 miseram
525 3345 622 3413 'longao
640 3347 753 3413 praefers
771 3347 797 3399 in
816 3347 913 3399 honoro
930 3346 1080 3414 Seriplrnrn.

348 3416 420 3467 exilii
438 3415 535 3466 sterilis
553 3415 639 3483 pergis
656 3415 727 3467 obire
742 3417 812 3484 jugo.

297 3488 318 3536 n
337 3485 464 3551 Corydon,
484 3485 610 3551 Corydon.
629 3485 716 3537 torcat.
733 3491 758 3536 te
777 3500 867 3537 mensa
884 3483 993 3537 ducalis.

348 3553 452 3606 blomus
469 3554 494 3605 in
513 3554 642 3606 obseoena
660 3553 728 3606 valle
748 3558 862 3606 moretm·
879 3553 956 3604 iners.

128 3625 209 3677 Credo
234 3624 369 3691 resipiscet
392 3622 504 3690 perlecto
529 3630 583 3674 torn
609 3622 693 3689 lepido
719 3624 925 3691 epigrammata<
962 3622 1009 3675 llic
1027 3620 1161 3687 Bcrulung
1180 3636 1255 3673 muss

128 3700 181 3748 cist
200 3696 235 3746 inr
254 3693 407 3760 September
424 3691 516 3760 erlolgt
534 3692 598 3751 scin,
617 3692 684 3743 ‹lirnn
703 3708 745 3744 nm
764 3694 804 3747 215.
826 3695 927 3777 Angmt
940 3691 1052 3743 hewirbt
1063 3690 1120 3742 sich
1134 3689 1253 3757 Spdutin

127 3765 193 3816 noch
230 3763 269 3814 hei
296 3761 460 3814 Pirlrheirner
487 3777 531 3812 nnr
559 3760 606 3812 dns
635 3760 757 3813 Rclrtomt
784 3762 830 3813 dor
857 3761 1025 3827 bitrnhcrger
1051 3758 1252 3811 Poctcnschula.

127 3833 243 3901 Spalntin
262 3848 294 3884 an
314 3831 478 3883 l'hkhcinrer
497 3830 521 3882 in
541 3829 564 3881 ll
571 3845 609 3882 cn
617 3831 724 3882 marini
743 3831 852 3883 ltocnrn.
872 3829 947 3882 liter·
959 3830 1009 3881 hlt.
1029 3828 1096 3879 rina
1114 3845 1138 3895 p.
1152 3827 1252 3895 dalaq.

127 3904 167 3955 lla
190 3901 305 3969 Spalatin
333 3900 414 3952 sehon
440 3899 576 3951 Michaelis
601 3899 684 3951 durch
709 3899 840 3952 Bionnost
861 3914 892 3951 an
919 3900 968 3950 don
993 3897 1046 3949 llnl
1068 3897 1173 3949 heruteu
1197 3912 1254 3949 war

128 3968 357 4031 [unhrsehcinlich
377 3985 423 4020 zur
441 3973 526 4019 creton
545 3968 724 4036 persiinlichcn
746 3968 928 4034 t'orstcllung).
946 3984 975 4019 so
993 3966 1096 4018 solreint
1115 3982 1143 4017 cr·
1157 3966 1253 4018 tremite

128 4042 199 4094 Eudo
220 4039 461 4105 rodomagensem
482 4054 514 4089 zu
533 4037 596 4090 scin.
633 4037 707 4089 llazu
724 4039 827 4090 stinrmt
845 4038 912 4089 nuch
937 4037 1009 4088 scine
1034 4036 1125 4102 eigcno
1145 4034 1252 4103 Augahn

127 4112 152 4162 in
172 4110 257 4162 cincrn
277 4108 364 4160 Briele
382 4124 414 4159 an
434 4106 517 4158 Aldus
536 4106 669 4158 llarnrtins
688 4123 747 4158 rom
767 4108 806 4158 25.
828 4105 896 4158 ltnrz
912 4106 976 4157 lirl‘.)
994 4104 1131 4171 (ll'eirnur.
1150 4108 1252 4157 Stante-

127 4179 243 4247 arehiri:
262 4194 290 4230 cr
308 4177 383 4228 dione
402 4175 532 4227 rnunnchr
549 4176 688 4227 tricrmiunr
705 4177 760 4242 jam
776 4175 888 4242 nnrplins
908 4175 966 4227 deni
981 4174 1145 4226 liurl'tirstcn.
1175 4172 1250 4225 Auch

128 4250 153 4301 in
167 4249 251 4300 ennon
263 4247 348 4299 Bnelc
367 4244 481 4297 blutians
499 4261 531 4297 an
551 4247 643 4297 efronrs
662 4260 721 4296 rom
743 4248 781 4297 Ιῖ.
800 4246 899 4296 lnnuar
917 4244 1014 4310 (loth).
1038 4244 1138 4296 (furser.
1159 4241 1251 4297 lubell.

128 4335 185 4371 nor¹
207 4318 226 4368 Κ
251 4318 290 4368 lh
309 4316 364 4373 (Νι.
384 4315 453 4382 feo),
483 4314 546 4366 uird
574 4313 704 4380 &palatius
724 4316 831 4380 Aquang
858 4330 890 4365 an
909 4313 958 4365 den
980 4313 1030 4365 llol
1046 4318 1250 4377 rornusgesetzt

126 4388 173 4439 llic
195 4386 414 4439 Atrschicdsrnrse
433 4383 547 4435 llntians
566 4383 592 4434 in
613 4382 702 4435 libell.
722 4399 779 4434 nor.
800 4388 819 4427 t}
840 4383 881 4434 'th
900 4382 956 4447 (Nn.
976 4382 1051 4448 aiil:

296 4455 345 4507 »lto
366 4453 437 4505 honis
456 4452 549 4504 avibus
567 4453 658 4504 dextro
677 4454 741 4519 pole
760 4453 845 4507 sidere
864 4453 957 4505 frrrrsto.

346 4522 409 4575 sclix
427 4529 543 4588 optatum
563 4538 639 4588 carpe
658 4523 742 4575 viator·
760 4523 815 4575 iter.

297 4591 365 4644 Aula
383 4598 460 4659 patet,
480 4590 620 4658 Spalatinc.
639 4590 693 4647 tibi.
712 4591 859 4642 tribuentur
878 4590 994 4643 honnus,

347 4661 366 4725 l,
384 4668 410 4713 te
428 4664 598 4727 praetereant.
617 4676 684 4728 quae
703 4660 821 4713 nocitura
838 4667 936 4730 putass-
