2774 4966
10 29 980 319 u

545 670 650 732 bintiau
669 692 704 731 an
722 666 822 732 Urban.
1189 672 1253 744 579

498 849 538 899 Η.
557 849 686 900 Urbano
704 849 748 899 Μ.
766 847 878 898 Rufus.

223 955 256 1021 S.
301 956 403 1020 Janus
421 957 521 1021 Jonas
534 969 548 997 ⁸
570 963 679 1041 pastor
694 959 799 1022 ovium
818 958 970 1021 beneficio
987 957 1254 1026 archimandritae

120 1043 340 1125 Georgivailis,
364 1041 432 1106 heri
456 1046 644 1122 communis,
669 1043 761 1107 hodie
784 1044 844 1107 sibi
872 1045 1031 1124 rebusque
1053 1045 1120 1108 suis
1138 1047 1254 1110 timeus

120 1129 165 1211 (et
191 1130 298 1210 justus
330 1129 456 1211 quidem
489 1133 592 1193 metus
622 1135 682 1205 est)
718 1151 766 1192 me
798 1130 878 1193 adiit
907 1136 940 1192 et
968 1131 1050 1193 inter
1072 1130 1135 1193 alia
1157 1154 1190 1196 se
1213 1133 1253 1196 ad

120 1215 221 1278 forum
246 1213 392 1278 officialis
417 1215 518 1277 nostri
541 1220 705 1279 evocatum
731 1237 799 1278 esse
825 1215 976 1289 narravit,
999 1235 1124 1296 rogerie,
1146 1221 1181 1281 ut
1197 1222 1254 1281 tua

122 1302 313 1363 auctoritate
336 1300 472 1381 gratiam
496 1299 652 1363 obtineat.
698 1299 809 1382 ltaque
833 1305 941 1363 noster
964 1299 1136 1364 Hallensis'
1157 1303 1250 1366 Ham·

121 1382 221 1448 moni²
246 1385 431 1467 praecipiat,
455 1406 495 1447 ne
517 1385 683 1449 absentem
707 1385 794 1448 velut
816 1392 1037 1448 contumacem
1060 1385 1175 1450 Jonam
1197 1410 1253 1452 ex-

121 1471 342 1533 communicet.
382 1469 494 1533 Venire
517 1491 581 1533 non
607 1473 720 1551 potest.
759 1468 935 1553 Suspectus
952 1469 1096 1534 habetur.
1135 1472 1254 1538 Audiat

122 1563 178 1619 tua
203 1555 388 1637 paternitas,
423 1555 499 1635 quid
533 1559 660 1637 petatur
691 1560 821 1636 aparte
855 1557 989 1634 diversa,
1023 1561 1056 1629 et
1088 1559 1252 1622 certiorem

121 1642 233 1704 reddat
266 1641 411 1704 amicum.
458 1640 503 1702 De
534 1645 643 1704 nostra
674 1662 706 1705 re
736 1641 816 1704 nihil
848 1641 994 1704 scribam.
1042 1640 1185 1722 Publius,
1217 1648 1255 1707 ut

120 1731 170 1790 est
208 1726 424 1797 meticulosus,
462 1726 583 1789 invitus
621 1722 713 1789 exit³
774 1725 808 1790 Si
846 1727 1051 1790 traditionem
1093 1726 1254 1794 Haliensis

121 1819 281 1895 praestare
314 1811 442 1894 poterit,
476 1833 539 1875 non
574 1811 675 1875 deerit
706 1811 919 1876 ratihabitio*
964 1811 1069 1890 Arma,
1102 1813 1189 1878 furor
1222 1819 1256 1880 et

122 1897 325 1960 inclementia
343 1899 588 1960 circumsonant.
635 1895 746 1961 Servet
763 1901 794 1960 te
810 1897 896 1960 deus.
937 1896 1083 1979 Magnus,
1099 1903 1136 1962 ut
1151 1921 1253 1983 spero,

123 1982 265 2064 pontifex
282 1984 390 2046 omnia
406 1981 653 2063 tranquillabit.⁵
691 1981 775 2045 Vale.
814 1981 958 2047 Sabbato
981 1985 1125 2066 Agapeti.
1161 1987 1253 2050 Anno

121 2067 240 2130 MDXII
254 2118 281 2130 ..
328 2067 457 2132 Oblitus
479 2089 549 2131 sum
573 2067 710 2131 numeri⁸
733 2073 766 2131 et
787 2069 888 2132 Jauus
912 2077 1068 2151 properat.

275 2167 336 2221 Cod.
355 2165 421 2221 Frct.
439 2167 501 2219 511.

122 2356 238 2424 (notha.)
648 2341 721 2404 517.
936 2354 995 2424 (vor
1014 2355 1053 2407 14.
1073 2353 1145 2423 sapt.
1166 2358 1254 2425 1515.)

498 2466 640 2537 Mutiau
664 2487 714 2537 un
736 2465 875 2538 Urbun.

123 2595 197 2658 (Lobt
230 2595 335 2647 Urbane
368 2595 488 2660 Versata,
516 2595 651 2664 Nepotion
675 2597 746 2650 nocie
771 2597 841 2649 Rom
866 2613 903 2648 ru
927 2595 1054 2649 ecdicium.
1096 2596 1148 2649 Des
1174 2597 1255 2650 Attea

130 2662 241 2715 Vellera·
262 2662 320 2715 und
349 2663 572 2732 Versclrccenduny
596 2681 633 2717 on
656 2665 728 2717 scine
750 2664 919 2718 Ζεεὶιὺνιϊᾰεν.
955 2664 991 2717 Μ.
1014 2664 1086 2717 bittct
1109 2664 1159 2718 iba
1180 2665 1254 2718 reiciet

122 2731 225 2783 er'nmat
241 2731 316 2783 metr
332 2748 381 2784 um
398 2733 475 2784 einen
493 2731 592 2793 Hasce,
611 2733 725 2785 condem
747 2733 846 2786 subicit
869 2734 997 2801 &medoen
1019 2733 1094 2784 nucb'
1114 2733 1254 2786 Memento.

132 2799 259 2852 tt'r'e'nacirt
277 2816 326 2851 ron
343 2800 392 2852 den
411 2800 598 2922 Karthara-sclam
615 2802 674 2853 eine
692 2801 879 2923 Hunglntmre.
922 2801 1012 2854 Urbane
1024 2800 1073 2854 soll
1090 2802 1256 2869 arefaciam

464 2896 467 2902 c
575 2876 647 2922 oeten
665 2871 752 2923 narba
772 2873 823 2930 en.)

179 2982 327 3042 spectato
346 2987 378 3033 et
396 2982 488 3034 docto
505 2986 589 3044 patri
606 2985 736 3036 Urbano
759 2996 925 3035 oeconomo
944 2995 1000 3035 suo
1018 2985 1203 3035 amicissimo

601 3071 645 3120 M.
662 3069 774 3120 Rufus.

227 3177 257 3241 S.
304 3177 413 3242 Laudo
438 3181 603 3245 consilium
628 3184 729 3257 tuum,
755 3181 840 3263 qnod
862 3179 986 3264 nepoti⁷
1009 3181 1143 3245 Romam
1170 3181 1254 3245 ituro

67 3265 72 3274 '
123 3262 243 3326 auxilio
275 3265 319 3326 sis
342 3271 373 3327 et
397 3267 562 3346 praesidio.
609 3267 718 3350 Neque
741 3273 773 3331 te
796 3270 911 3330 aetatis
940 3266 1098 3331 lubricum
1128 3271 1255 3330 reuocet

124 3371 143 3409 a
168 3349 263 3411 solita
287 3349 494 3430 benignitate.
541 3351 720 3434 Ephebusb
742 3354 825 3415 enim
850 3353 901 3416 iiie
924 3353 1044 3435 ingenii
1068 3352 1142 3415 dote
1164 3372 1255 3433 prae-

126 3434 212 3496 ditus
235 3442 267 3497 ct
290 3436 402 3499 robore
425 3440 565 3519 corporis
589 3439 668 3502 nihii
692 3461 746 3520 per
769 3442 906 3502 aetatem
934 3437 1080 3519 peccabit
1103 3442 1139 3500 ut
1162 3437 1254 3501 multi

125 3517 341 3584 adolescentes
365 3522 448 3599 vino,
472 3523 556 3600 ludo,
580 3525 693 3587 scortis
716 3524 952 3588 devotissimi.⁰
996 3520 1204 3597 Matthaeus,⁸
1227 3525 1254 3587 si

126 3603 212 3680 velit,
244 3613 349 3686 potest
377 3629 444 3670 esse
475 3608 622 3673 dominus
654 3607 809 3673 tutelonis
856 3608 944 3673 Velle
975 3614 1082 3672 autem
1107 3609 1201 3672 debet
1223 3612 1256 3674 et·

127 3696 204 3771 puto
228 3693 288 3754 tibi
310 3700 435 3773 gratum
460 3692 556 3757 faciet
578 3717 764 3778 summaque
794 3694 856 3757 tide
884 3693 1120 3758 commendabit
1152 3702 1253 3768 tuum,

127 3775 256 3856 perinde
291 3799 328 3840 ac
356 3779 383 3840 si
411 3781 555 3861 proprius
590 3802 687 3863 nepos
720 3786 813 3853 esset,
849 3781 947 3843 nobili
981 3780 1140 3843 mensario
1172 3780 1255 3860 quid

127 3861 242 3922 dicitnr
264 3861 374 3937 briam.
420 3863 498 3927 Cum
524 3865 681 3948 Petrejum
708 3867 829 3939 viderit,
855 3866 989 3946 primum
1006 3870 1082 3946 agat
1098 3865 1136 3927 de
1152 3867 1256 3946 gratia

126 3947 158 4009 in
194 3945 293 4008 forma
332 3969 502 4030 pauperum
542 3951 749 4032 expedienda.
795 3950 912 4014 Locum
947 3955 1017 4013 tute
1050 3949 1178 4039 delige.¹
1207 3949 1253 4013 Tu

192 4115 274 4192 erim
292 4114 401 4168 Raude.-
426 4117 512 4170 Joiran
537 4119 595 4172 dan.
667 4119 812 4187 bEpiretus
833 4116 906 4169 Pena.
976 4131 989 4158 ⁰
1003 4115 1160 4169 deditissirni
1180 4115 1254 4167 Terra.

125 4182 324 4327 dimioii'iiir
352 4251 478 4308 onnon.
515 4253 540 4306 s,
566 4254 617 4307 aro
641 4256 672 4308 n.
698 4255 721 4308 2.
798 4252 874 4305 *run
901 4251 992 4304 scum
1019 4252 1044 4303 in
1072 4252 1120 4304 ur
1145 4251 1253 4304 nonna

127 4317 260 4373 Nrthurds.
292 4320 318 4372 S.
337 4320 385 4373 521
406 4324 437 4373 Α.
458 4323 480 4375 ’1.
545 4322 673 4391 ³Wegcn
692 4323 738 4375 des
756 4319 930 4387 Kriegsltirurs
948 4335 993 4372 um
1012 4319 1107 4372 Effurt.
1134 4320 1175 4374 Br.
1195 4320 1253 4375 508.

160 4387 171 4418 ⁴
187 4387 241 4441 Des
260 4389 534 4457 Woinborgvorkaufs.
564 4390 607 4445 Br.
626 4391 686 4445 509.
760 4389 835 4442 ‘’Bei
854 4389 940 4441 soiuor
957 4389 1111 4440 orwarteton
1129 4388 1253 4443 Ankunit.

125 4455 150 4508 S.
171 4457 220 4508 577
240 4460 270 4509 A.
292 4459 313 4510 l.
385 4457 450 4510 ι’11
470 4458 534 4511 liebt
555 4475 592 4520 es,
615 4459 672 4511 sich
695 4458 734 4511 als
759 4457 993 4524 weltrergcsscucu
1015 4455 1140 4509 Tritumcr
1160 4457 1254 4509 hinzu-

127 4522 332 4596 steliemduhor
350 4526 419 4578 uuch
437 4542 467 4578 so
484 4527 521 4580 oft
538 4527 580 4580 die
599 4526 792 4580 absichtlichen
817 4525 944 4578 intumet
960 4525 988 4577 in
1006 4524 1056 4577 den
1073 4523 1254 4577 Monatedateu

126 4592 564 4714 mitozugcsr'ifgcrssg'cgbtgsscmug
582 4613 603 4646 z.
624 4594 652 4647 B.
671 4594 713 4648 Br.
735 4595 791 4646 188.
854 4592 1051 4661 ²Nop0tirnus.
1082 4591 1141 4660 Vgi.
1159 4591 1184 4645 S.
1204 4594 1256 4657 576,

979 4730 1048 4795 31*
