2774 4966
549 633 653 687 Mation
673 649 706 686 an
727 632 886 686 Hartmann.
1221 625 1284 691 523

155 809 266 870 santur
289 806 320 868 in
345 804 523 871 Cimmeriis
546 806 695 882 tenebris,
720 810 756 869 ut
778 805 827 868 vel
843 805 875 868 in
892 805 958 868 sols
980 802 1125 867 veritatis
1147 798 1283 879 caligare

156 891 333 955 videantur.
379 893 574 958 Omittamus
597 912 672 955 oves
695 892 776 972 nigri
800 890 932 954 velleris.
980 887 1193 953 Periculosum
1216 904 1284 947 cer-

155 981 262 1039 tamen
281 982 330 1038 est
345 977 511 1058 digladiari
529 999 599 1041 cum
617 974 762 1039 mendico
778 996 893 1053 memo,
910 975 1001 1056 cujus
1024 994 1098 1056 pera
1121 988 1283 1066 nunquam

156 1058 314 1142 impletur.
360 1061 463 1143 Vulgo
498 1062 637 1126 creditur
668 1063 740 1125 istis
763 1063 804 1124 ob
827 1061 994 1124 fucatam·
1027 1057 1281 1123 sanctimoniam.

155 1146 260 1211 Unum
300 1153 395 1227 caput
427 1148 662 1211 controversiae
695 1149 792 1210 risum
827 1145 904 1209 milri
939 1146 1047 1216 movit,
1083 1144 1121 1206 de
1154 1160 1286 1205 ovorum

157 1231 359 1313 expilatione.
405 1231 458 1294 aa
491 1232 582 1305 sdrrrn
612 1251 662 1293 ona
690 1234 734 1293 tir
762 1241 914 1307 ostrttqgrr
944 1235 977 1302 ot
1006 1237 1064 1290 tan
1093 1236 1168 1289 nasta
1201 1225 1288 1288 velut

157 1315 329 1381 scarabaei.
377 1317 459 1380 Audi
475 1316 616 1382 fabulam
633 1317 901 1397 antiquissimam.
947 1315 1145 1379 Scarabaeus
1161 1314 1286 1392 spretus

158 1402 199 1465 ab
222 1401 330 1482 aquila
358 1403 463 1483 coepit
490 1401 530 1465 de
559 1402 701 1465 vindicta
733 1403 882 1481 cogitare.
928 1401 1077 1482 Adrapsit
1106 1397 1146 1461 ad
1176 1395 1285 1460 nidum

159 1486 284 1569 aquilae
307 1493 340 1550 et
363 1508 423 1551 ova
447 1487 595 1569 propulit.
642 1487 756 1568 Aquila
778 1486 810 1549 id
835 1487 965 1550 moleste
982 1484 1085 1549 ferens
1100 1486 1132 1546 et
1147 1480 1288 1545 auctoris

158 1572 265 1635 nescia
295 1573 461 1636 transtulit
489 1572 597 1636 nidum
620 1573 653 1635 in
677 1572 840 1636 editiorem
871 1573 985 1636 locum.
1032 1570 1094 1634 Sed
1123 1567 1288 1649 improbus

159 1656 349 1721 scarabaeus
380 1658 476 1721 simili
507 1657 581 1721 dolo
607 1657 721 1738 dejecit
743 1679 811 1721 ora.
858 1656 936 1719 Turn
971 1656 1081 1719 Jovem
1118 1665 1287 1735 patronum

158 1743 239 1805 adiit
275 1743 393 1825 aquila.
453 1743 596 1824 Exponit
632 1742 846 1805 calamitatem
883 1741 934 1805 his
971 1741 1091 1805 verbis:
1140 1737 1288 1819 ,Summa

161 1832 259 1910 pater,
281 1826 414 1891 defende
437 1828 595 1903 clientem,
618 1828 681 1891 vim
707 1829 736 1890 vi
759 1827 881 1910 repelle.
921 1825 1082 1890 Conserva
1097 1824 1286 1906 prosapiam.

161 1911 246 1988 ,Sint
276 1915 344 1976 nati
374 1917 521 1977 natorum
545 1918 577 1977 et
600 1915 655 1994 qui
677 1918 848 1977 nascentur
871 1911 912 1975 ab
935 1911 1018 1975 illis!
1063 1911 1177 1990 Ignota
1210 1907 1289 1973 mihi

161 1999 260 2079 pestis
283 1999 391 2062 nidum
409 1997 550 2062 infestat.
597 1998 815 2063 Deturbantur
833 2019 903 2074 ova,
920 2003 952 2060 et
967 1998 1113 2078 quamvis
1129 1996 1290 2058 commuto

164 2082 357 2147 domicilium
382 2088 415 2146 et
437 2085 564 2164 saepius
586 2083 649 2147 alio
672 2083 806 2158 dilabor,
830 2104 986 2164 nusquam
1011 2081 1167 2146 hactenus
1182 2083 1289 2143 tamon

163 2168 194 2231 in
219 2171 290 2232 tuto
321 2168 491 2233 nidificavi.
537 2168 617 2232 Boni
649 2169 803 2249 praesidis
835 2173 884 2232 est
916 2189 1051 2250 purgare
1085 2165 1290 2249 provinciam,

163 2275 202 2316 ne
225 2253 364 2318 latrones
386 2254 541 2318 invadant
563 2253 683 2318 alienas
704 2254 882 2318 facultates.
929 2252 1014 2329 Vide,
1044 2253 1179 2333 Jupiter,
1214 2249 1293 2316 coeli

162 2342 329 2421 terraeque
352 2343 463 2410 rector,
488 2361 526 2402 ne
544 2340 601 2402 fiat
616 2344 726 2403 contra
739 2340 792 2422 jus
808 2346 841 2402 et
856 2338 904 2402 fas
920 2338 1035 2420 injuria
1050 2339 1115 2402 tuis
1131 2334 1288 2400 famulis.“

165 2423 225 2487 His
239 2425 425 2508 suppliciter
441 2425 535 2489 dictis
557 2424 640 2489 bene
662 2447 786 2508 sperare
806 2423 899 2506 jubet
921 2446 1055 2505 magnus
1079 2426 1290 2486 conservator.

166 2509 303 2590 ,Pone“,
339 2511 453 2591 inquit,
485 2511 535 2591 ,in
560 2532 629 2575 meo
664 2512 783 2591 gremio
816 2514 873 2574 tua
906 2530 975 2573 ova.
1020 2509 1121 2573 Nemo
1143 2507 1236 2572 fidem
1261 2511 1293 2571 et

163 2595 296 2658 tutelam
320 2596 421 2659 nostri
444 2595 568 2676 imperii
589 2595 753 2660 violabit.“
803 2595 865 2660 Sed
888 2616 907 2659 o
930 2594 1102 2676 pertinacis
1131 2591 1293 2657 scarabaei

166 2681 393 2744 temeritatem!
439 2680 519 2743 Nam
544 2703 597 2762 per
620 2681 718 2744 vestis
739 2682 871 2745 lacinias
894 2682 1047 2761 sinusque
1073 2679 1230 2763 prorepsit
1252 2677 1293 2742 ad

163 2785 233 2829 ova.
290 2766 377 2841 Quae
415 2787 486 2829 cum
525 2766 673 2848 luppiter
709 2767 900 2831 commoveri
932 2765 1158 2830 animadvertit
1191 2784 1293 2846 nequa

165 2850 297 2927 videret,
322 2850 406 2913 unde
429 2852 567 2932 impetus
588 2851 641 2915 ille
665 2857 763 2916 esset:
787 2852 917 2917 territus
932 2852 977 2915 rei
994 2853 1136 2916 novitate
1158 2871 1294 2914 excussa

163 2936 284 3016 gremio
320 2936 461 3018 protudit
483 2937 514 2998 in
543 2942 669 3000 terram.
715 2938 824 3003 Risere
857 2942 1061 3019 spectatores,
1098 2935 1153 3000 sed
1187 2934 1295 3018 aquila

164 3021 266 3084 doluit
300 3029 333 3084 et
365 3022 484 3085 mansit
516 3023 549 3085 in
584 3023 712 3102 querela
744 3024 945 3106 sempiterna.
1003 3021 1168 3086 Consimili
1200 3020 1294 3085 modo

164 3105 313 3170 Timones
329 3107 429 3172 nostri
446 3107 483 3170 de
502 3106 643 3171 vindicta
659 3108 698 3172 de
714 3110 875 3173 canonicis
891 3109 1127 3190 quoquomodo
1141 3105 1295 3171 sumenda

165 3192 354 3271 cogitantes,
387 3193 463 3274 quia
492 3213 603 3256 nocere
627 3193 689 3257 alia
712 3196 765 3258 via
788 3215 850 3258 non
876 3199 1020 3277 possunt.
1050 3194 1206 3273 colligunt
1234 3212 1295 3256 ova

165 3281 285 3340 nostra.
332 3277 442 3358 Neque
473 3280 616 3342 contenti
639 3279 677 3343 de
700 3281 775 3342 nido
808 3281 976 3362 pepulisse,
1012 3279 1166 3344 devorant
1200 3278 1295 3342 etiam

166 3366 198 3424 et
222 3362 358 3442 gallinas
386 3364 482 3443 ipsas,
513 3365 576 3426 imo
607 3363 708 3444 gallos
738 3367 862 3428 insidiis
896 3366 1040 3428 illectant
1063 3371 1099 3427 ac
1122 3363 1294 3446 decipiunt.

165 3447 351 3512 Occurreret
388 3447 462 3510 huic
500 3447 602 3511 fraudi
642 3449 776 3530 Jupiter,
811 3451 905 3513 nobis
938 3473 1029 3532 opem
1063 3451 1196 3523 latonia,
1235 3448 1297 3513 nisi

165 3530 298 3595 haberet
320 3533 430 3615 spinas
453 3533 484 3594 in
510 3534 651 3615 pedibus.
701 3536 837 3598 Proinde
866 3538 1024 3617 patientes
1055 3557 1123 3599 esse
1155 3535 1297 3614 cogimur

165 3623 303 3698 tuaeque
341 3618 501 3681 voluntati
540 3619 660 3699 gratias
697 3621 831 3700 agimus.
889 3620 1016 3696 Fecisti,
1056 3619 1141 3701 quod
1179 3619 1297 3684 Paulus

165 3702 368 3785 praescribit:
396 3705 530 3784 „Argue
553 3704 694 3780 obsecra,
712 3703 885 3787 increpa.“¹
934 3706 1050 3770 Audita
1065 3706 1127 3769 luit
1141 3703 1297 3770 suadendi

165 3789 339 3850 auctoritas
363 3792 396 3850 et
414 3788 548 3869 jubendi
572 3793 725 3869 potestas,
750 3791 804 3853 sed
828 3792 942 3854 crassis
971 3791 1101 3854 auribus
1131 3794 1298 3854 monastaa

166 3893 229 3935 non
267 3878 453 3954 receperunt
487 3873 571 3937 tanti
605 3874 702 3955 legati
735 3895 897 3942 sermones
935 3875 1168 3940 saluberrimos.
1214 3876 1297 3953 Quid

165 3958 262 4038 igitur
293 3957 380 4020 aliud
410 3981 505 4040 quarn
537 3958 613 4021 illud
647 3960 863 4041 evangelicum
898 3960 1031 4024 dixeris:
1070 3960 1297 4042 ,Cantavimus

166 4041 256 4105 vobis
290 4042 379 4105 tibiis
409 4049 441 4106 et
474 4065 535 4107 non
571 4044 730 4121 saltastis3
765 4047 966 4110 cecinimusb
1000 4047 1133 4127 lugubre
1167 4052 1199 4109 et
1233 4068 1296 4111 non

165 4125 360 4208 plorastis“‘?
405 4127 445 4191 Et
461 4129 498 4190 de
515 4128 564 4191 his
581 4130 706 4210 quidem
725 4131 888 4194 hactenus.
933 4130 1055 4195 Rhanis
1071 4129 1192 4195 noster²
1209 4133 1299 4215 cupit

166 4233 235 4275 esse
268 4213 423 4275 notarius.
468 4213 517 4276 Da
539 4213 613 4276 huic
642 4215 768 4278 inanem
799 4217 929 4279 titulum
953 4217 1014 4280 sibi
1038 4216 1240 4298 profuturum
1265 4221 1298 4280 et

167 4296 301 4360 tortasse
324 4296 419 4360 rebus
441 4299 514 4362 tuis.
561 4299 671 4363 Facito
694 4300 925 4379 authenticum,
944 4305 979 4365 ut
995 4302 1114 4365 scribat
1133 4306 1296 4367 auctorem

235 4498 376 4550 ulmeam
397 4498 472 4550 Tem.
543 4498 646 4551 uuae..
664 4499 697 4566 sit
716 4505 725 4550 t
743 4499 818 4553 robis
835 4501 929 4554 trinas.

238 4566 245 4596 ¹
264 4566 287 4616 2.
306 4566 372 4619 Tim.
391 4569 416 4634 4,
435 4567 459 4619 2.
515 4567 525 4599 ¹
542 4566 586 4621 Br.
604 4569 663 4621 446.
724 4584 753 4620 er
770 4569 893 4623 Wuusoh
910 4571 993 4638 gieug
1004 4569 1037 4621 in
1049 4568 1208 4632 intutum.
1224 4569 1322 4618 'uam

166 4632 193 4685 in
211 4632 255 4688 Br.
274 4634 326 4687 492
343 4635 541 4690 unterzeichnet
558 4636 616 4691 sich
635 4636 669 4693 H.
686 4634 794 4693 Rhanis
810 4636 853 4693 als
867 4637 1021 4707 Presuptor
1035 4635 1176 4689 nummus.
