2774 4966
123 612 165 675 46
504 610 591 664 Brielc
609 625 659 663 von
680 599 856 666 reus—1508.

126 784 247 849 sculum
272 806 310 846 ex
338 784 480 847 arenario
509 784 710 848 madentibus
741 785 844 849 adliuc
877 785 980 849 lituris
1013 786 1242 867 adspergerem,

129 872 221 934 rediit
243 870 373 933 lliauus'
400 892 468 934 cum
494 870 592 933 altere
608 872 805 935 munusculo.
851 872 980 947 Erubui.
998 872 1107 944 fateor,
1124 877 1157 935 et
1172 893 1244 953 pro·

125 959 248 1031 nuntie,
280 963 311 1019 te
334 957 449 1019 limites
479 958 714 1020 munificentiae
744 959 896 1021 latissime
928 960 1128 1040 promovisse.
1172 957 1244 1020 Jam

127 1045 241 1123 cogito.
266 1048 420 1124 quantum
445 1044 503 1104 sim
528 1042 586 1105 tibi
604 1065 727 1106 uomeu.
774 1045 960 1127 llrprompsi
975 1045 1013 1108 de
1029 1044 1246 1127 promptuario

126 1130 188 1192 duo
211 1130 360 1211 puellaria
393 1130 560 1209 marsupia,
584 1135 616 1192 et
638 1152 734 1212 quum
762 1131 893 1194 alterum
928 1131 1052 1194 villicae.
1078 1132 1171 1205 filiae,
1201 1130 1247 1192 al·

126 1223 226 1279 terum
251 1215 373 1278 villicae
396 1216 597 1291 destinarem,
614 1219 776 1297 consurgit
792 1217 910 1279 lliauus
928 1223 959 1280 et
974 1218 1151 1293 intercedit,
1167 1216 1246 1279 mihi

127 1324 259 1365 narrans
282 1301 418 1364 villicum
445 1302 634 1382 demigrasse
651 1325 688 1364 ex
707 1303 828 1366 colonia
851 1303 912 1366 sibi
936 1304 1123 1366 concredita.
1163 1301 1246 1364 Con-

128 1390 210 1451 traxi
236 1388 369 1450 frontem
393 1394 424 1450 et.
445 1389 488 1450 ita
506 1389 626 1451 censui:
650 1389 748 1468 igitur
771 1410 960 1452 oeconomus
983 1390 1076 1453 herus
1100 1389 1246 1453 Urbanus

124 1474 176 1556 jus
200 1473 403 1555 dispertiendi
428 1473 553 1536 habeat.
599 1473 721 1537 Placuit
753 1476 852 1539 lliano
882 1477 1051 1545 sententia,
1081 1477 1131 1539 cui
1160 1476 1246 1537 dicas

127 1561 230 1637 velim,
255 1582 293 1621 ue
318 1559 448 1640 posthac
472 1560 682 1624 rhetoricari²
705 1561 789 1624 velit.
835 1561 914 1624 Nam
946 1564 1064 1643 gratior
1093 1560 1169 1624 mibi
1198 1566 1249 1623 est

127 1647 223 1709 durus
245 1645 397 1728 simplicis
419 1667 529 1716 sermo,
554 1647 583 1708 h.
607 1669 631 1709 e.
648 1650 791 1727 agrestia,
816 1649 1004 1729 incomptus,
1022 1650 1134 1719 nudus,
1151 1668 1245 1727 quam

127 1734 316 1795 concinnata
340 1739 371 1795 et
394 1734 569 1814 composita
594 1732 790 1796 disertitudo.
835 1735 904 1814 Ipsa
934 1739 1047 1797 natura
1077 1734 1175 1796 trahit
1199 1755 1247 1796 me

126 1819 165 1882 ad
189 1820 357 1882 amandum
379 1819 409 1881 id
426 1840 526 1898 genus
550 1819 700 1881 homines
742 1818 841 1882 Credo
858 1829 890 1882 et
905 1821 963 1882 tibi
977 1821 1150 1900 jucundum
1168 1841 1246 1882 esse.

127 1904 202 1981 Quis
226 1905 307 1967 enim
332 1906 409 1966 bene
425 1907 593 1968 institutus
617 1927 678 1968 uon
704 1905 870 1986 praeferret
893 1908 1044 1969 rusticum
1071 1907 1246 1969 modestum

126 1993 191 2073 regi
227 1989 341 2053 Croeso
364 1997 394 2054 et
419 1991 635 2071 virgunculam
670 1997 825 2071 agrestem
857 1999 888 2054 et
911 1992 1075 2056 amabilem
1108 1991 1248 2073 Erpbur-

127 2078 230 2140 diariis
253 2077 400 2140 noctuis?
445 2077 491 2139 lla
515 2079 636 2139 veniam
660 2086 691 2139 et
714 2078 783 2139 vive
806 2078 908 2141 laetus
924 2085 956 2140 et
971 2079 1055 2142 felix.
1101 2077 1171 2141 lam
1198 2100 1249 2140 me

126 2185 203 2246 puer
226 2165 357 2246 piscium
382 2164 555 2226 admonuit.
602 2161 669 2226 Olie
692 2185 784 2243 qiram
818 2165 1060 2227 innumerabilia
1082 2169 1157 2226 sunt
1182 2186 1248 2226 me-

128 2252 187 2313 rita
204 2251 235 2313 iu
255 2272 310 2313 nos
327 2250 396 2313 tua!
436 2249 523 2313 llabo
547 2250 672 2311 vivendi
691 2272 830 2313 normam
849 2273 887 2312 ex
904 2251 1028 2333 placitis
1046 2250 1247 2326 medicorum,

128 2342 163 2400 ut
189 2335 262 2399 mihi
286 2335 360 2399 talis
382 2337 503 2399 amicus
525 2336 665 2416 longum,
689 2338 751 2400 imo
775 2342 935 2399 aeternum
960 2343 1110 2411 servetur,
1139 2357 1249 2418 quam-

127 2445 232 2505 quam,
257 2428 291 2485 ut
315 2423 415 2485 dicam
440 2422 524 2503 quod
548 2423 660 2495 sentio,
685 2423 743 2485 tibi
767 2430 798 2485 et
822 2423 986 2504 Spalatiuo
1008 2445 1069 2485 nou
1094 2423 1136 2486 sit
1158 2445 1248 2505 prae-

126 2509 340 2574 metuendum.
396 2508 524 2572 Utinam
558 2514 589 2571 et
623 2510 861 2572 amantissimus
895 2509 995 2573 abbas
1032 2516 1062 2572 et
1102 2510 1249 2572 dominus

127 2596 240 2659 unicus
270 2600 377 2657 noster
409 2616 470 2658 uon
501 2596 617 2677 passim
648 2615 757 2658 omues
783 2596 973 2659 admitteret.
1021 2596 1086 2658 Hoc
1109 2595 1189 2658 scio:
1216 2594 1249 2670 ii,

128 2703 207 2763 quos
240 2681 335 2755 fovet,
364 2703 433 2742 eum
460 2682 491 2742 in
515 2683 581 2744 suis
610 2681 742 2743 aedibus
773 2703 834 2744 uon
859 2682 904 2744 ita
928 2681 1062 2762 benigue
1097 2680 1248 2744 foverent.

129 2767 191 2831 Sed
215 2767 293 2829 bene
317 2766 402 2841 facit,
426 2768 501 2847 quia
525 2767 649 2830 beatius
672 2773 721 2830 est
743 2767 817 2830 dare
845 2790 938 2849 quam
970 2769 1119 2848 accipere.
1166 2765 1249 2829 Cau-

128 2855 192 2917 tius
224 2858 328 2916 tamcu
359 2861 451 2928 esset,
475 2855 500 2915 si
524 2875 593 2915 cum
618 2855 684 2915 suis
708 2855 828 2916 intimis
855 2853 1062 2916 familiaribus
1093 2853 1189 2916 libere
1218 2859 1251 2916 et

129 2939 260 3003 hilarius
283 2941 401 3002 viveret
423 2939 560 3002 exclusis
584 2939 711 3002 arbitris
735 2941 852 3021 ignotis
882 2942 1062 3022 praesertim
1092 2940 1141 3002 liis
1168 2946 1248 3001 tern-

130 3027 266 3109 poribus
313 3025 359 3088 Ex
383 3048 487 3088 amore
510 3026 547 3087 tit
570 3026 756 3106 loquacitas,
780 3032 815 3088 ut
838 3026 933 3090 vides

281 3126 341 3179 (lid.
360 3125 426 3177 Frcl.
445 3127 486 3179 03.

129 3314 308 3383 Georgentlral.
658 3299 708 3363 40.
1029 3316 1069 3368 21),
1088 3315 1155 3368 Nor.
1177 3314 1250 3367 isui.

409 3424 535 3496 Urbau
559 3446 607 3495 an
630 3426 751 3496 Aldus
773 3426 987 3496 llanutius.²

125 3556 205 3622 (llr'ttc
224 3572 268 3608 um
288 3556 380 3607 aldtus
401 3554 592 3621 Freuudsrlrusl
616 3557 672 3607 rrrul
699 3544 881 3623 [lber-seruluuy
898 3574 946 3608 ron
965 3561 982 3608 r
999 3558 1027 3623 sl.
1044 3555 1091 3622 seir·
1109 3556 1156 3605 den
1176 3553 1257 3620 Kotes

559 3626 681 3689 derrasse·
700 3625 819 3685 Bucen.)

200 3740 308 3790 Nobili
326 3744 358 3791 et
376 3741 455 3790 bene
473 3739 564 3791 docto
583 3744 614 3791 et
632 3741 780 3801 opulento
799 3743 915 3791 homini
933 3743 1014 3791 Aldo
1032 3743 1174 3791 Monunio

364 3828 503 3877 Romano
522 3827 612 3876 nobis
630 3828 786 3878 carissimo
804 3828 844 3877 Η.
863 3828 1017 3877 Urbanus.

233 3938 353 4002 Salutis
377 3939 543 4020 plurimum
569 3941 598 4002 iu
624 3939 751 4003 Christe
770 3939 854 4002 lesu.
902 3939 1177 4003 Praestantissima
1194 3939 1251 4015 vir,

128 4047 223 4105 quam
255 4026 425 4106 singularis
449 4027 491 4086 sit
514 4027 656 4088 coenobii
687 4028 784 4089 nostri
813 4048 885 4105 erga
910 4033 940 4088 te
963 4026 1174 4098 observantia,
1199 4025 1252 4085 de.-

126 4112 247 4174 clarant
272 4112 346 4174 libri
369 4114 415 4173 tui
441 4125 472 4171 et
496 4114 633 4175 emuurti
658 4121 688 4173 et
713 4113 872 4193 praeclari,
896 4136 1027 4193 qrioruni
1048 4113 1161 4173 bonam
1180 4133 1264 4192 par-v

195 4363 208 4390 n
223 4350 379 4402 rethoricari.

198 4437 247 4490 ¹8.
268 4437 301 4487 9¹2
326 4441 356 4489 Α.
377 4440 398 4488 ].
471 4436 562 4488 ²lliue
590 4440 697 4489 tranans.
729 4426 909 4503 lsslrersetzung
936 4436 1022 4487 dieses
1049 4434 1149 4486 luteres
1176 4435 1253 4487 nebst

128 4503 382 4572 biblingrapliiselieu
405 4506 608 4570 Erlr'iuteruugeu
628 4507 652 4557 in
672 4506 737 4558 eilde
762 4505 873 4558 llanure
892 4513 916 4554 et
935 4505 1105 4556 l'liellenisme
1123 4506 1137 4555 ir
1157 4504 1253 4556 l'enisc

127 4590 173 4641 par
192 4580 245 4626 Am
255 4577 270 4623 li
279 4592 290 4626 r
299 4577 370 4628 eise
391 4575 439 4626 Fir
452 4575 635 4627 inin-ludet.
656 4575 728 4627 Paris
750 4577 820 4628 ism.
840 4575 868 4626 P.
888 4576 1029 4627 :rur—mr.
1066 4573 1141 4625 Nae-li
1159 4573 1254 4625 Teuzel

129 4644 233 4713 aligedr.
257 4645 296 4696 bei
315 4645 444 4711 Sallust,
463 4648 492 4695 A.
513 4643 651 4697 Manutius.
672 4644 738 4697 llerl.
761 4646 825 4698 rso?
843 4646 868 4698 S.
890 4644 1030 4697 rar-133.
