2774 4966
371 37 1314 285 ΙΙ-

124 578 166 643 56
512 575 600 630 Briete
619 592 668 629 von
690 574 866 630 1505-1508.

128 753 306 834 petulanter
340 752 523 814 allicientes.
578 750 623 813 No
651 750 747 831 igitur
784 749 860 813 loris
890 755 922 813 et
952 750 1037 813 dorni
1072 748 1260 815 stomachus

127 843 299 912 morentur,
324 837 498 920 procurabo
523 839 626 900 rictus
649 836 878 900 salubritatem.
925 835 1008 899 Vale.

284 939 344 993 rou.
363 938 429 993 Frcl.
449 939 489 991 22.

76 1044 79 1053 Ι
129 1093 243 1161 (soria.)
662 1077 712 1142 52.
1079 1091 1148 1157 (lan.
1170 1092 1259 1157 1506.)

501 1188 643 1257 llutiau
668 1208 713 1256 un
738 1186 877 1257 Urban.

128 1308 138 1359 Ι
147 1298 271 1351 {toruum
288 1300 346 1350 rlrrr'
363 1298 467 1351 Br'r'rlrer
484 1318 535 1351 uos
552 1301 597 1352 der
614 1299 866 1364 Klosreroioliorler2,
884 1299 975 1350 ,sendo
995 1297 1102 1349 Solimi·
1119 1296 1175 1364 ores
1186 1297 1261 1350 seius

324 1368 427 1420 lbirrrle.
466 1368 571 1421 Xersen
589 1370 633 1422 rlcr
651 1368 802 1437 elstrolopr'c.
845 1366 911 1421 ls'bcr
928 1366 1055 1432 Boetius)

173 1483 213 1532 Η.
232 1483 359 1532 Urbano
376 1484 462 1532 intra
479 1496 641 1533 nemorosa
654 1483 730 1543 juga
748 1481 812 1532 divi
830 1481 956 1542 Georgii
973 1479 1218 1540 philosophanti,

328 1569 572 1630 conphilosopho
591 1583 646 1620 suo
665 1570 864 1620 dilectissimo
883 1568 927 1618 M.
944 1566 1055 1618 Rufus.

231 1679 262 1743 S.
309 1680 448 1743 Remitto
480 1680 593 1745 librum
626 1689 715 1745 tuum
740 1687 771 1743 et
793 1702 853 1760 ago
878 1679 936 1742 tibi
960 1679 1089 1759 gratias.
1135 1677 1257 1760 Scripsi

128 1766 166 1828 ad
197 1766 313 1830 clarrun
343 1776 374 1829 et
407 1768 609 1831 reverendum
646 1773 765 1851 patrem
800 1767 915 1828 abbam
950 1770 1051 1841 tuum,
1086 1768 1257 1847 patronum

132 1875 246 1927 meum,
271 1858 306 1915 ut
329 1854 423 1916 semel
448 1859 544 1934 atque
568 1855 680 1917 iterum
705 1854 868 1933 flagitatos
891 1852 948 1914 tris
971 1851 1069 1914 libros
1093 1851 1259 1914 transmit·

129 1939 240 2003 tendes
270 1946 400 2003 curaret.
446 1940 515 2003 Non
546 1962 673 2022 possum
701 1940 776 2003 mihi
799 1938 837 2000 <le
860 1939 950 2001 robis
974 1959 1035 1999 non
1059 1941 1165 2000 omnia
1189 1937 1259 2019 pol

128 2025 224 2089 liceri.
249 2047 328 2106 quos
353 2027 480 2108 penitus
502 2028 653 2106 dignosco
668 2039 681 2066 ¹
704 2032 736 2089 et
752 2026 811 2089 mei
829 2024 1066 2089 arnuutissimos
1089 2047 1156 2086 esse
1180 2025 1257 2088 scio.

128 2112 240 2175 Servat
263 2135 319 2175 vos
343 2114 419 2176 cleos
445 2114 629 2176 benedictus
653 2115 683 2175 in
708 2113 842 2175 saecula.
888 2112 1046 2174 Mittimus
1075 2132 1176 2191 nugas
1200 2111 1259 2174 ali-

127 2220 206 2279 quas
240 2222 299 2261 non
335 2199 531 2263 illiberales:¹
562 2199 720 2281 jucundas
752 2199 817 2262 lore
847 2220 946 2280 spero.
993 2197 1071 2260 Nam
1104 2201 1137 2260 nt
1162 2196 1258 2260 dissi-

127 2285 267 2350 dentium
301 2286 474 2349 calumnias
505 2287 604 2350 levius
639 2286 745 2351 leram.
778 2285 896 2348 talibus
931 2284 1058 2347 ludicris
1089 2283 1176 2346 firmo
1207 2306 1258 2347 me

127 2372 239 2453 ipsum.
286 2372 394 2454 Neque
418 2373 499 2435 euim
525 2373 614 2436 lacilo
639 2380 696 2448 est,
720 2371 878 2454 placidum
903 2376 933 2433 et
956 2369 1162 2452 tranquillum
1186 2371 1258 2434 ani-

127 2480 213 2521 mum
247 2461 381 2522 retinere
404 2469 436 2522 et
465 2459 594 2542 injurias
623 2467 717 2542 utque
745 2460 935 2521 offensiones
964 2458 1169 2539 superborum
1201 2457 1257 2520 de-

127 2545 256 2624 spicere,
293 2546 352 2608 nisi
389 2545 534 2609 ludamus
565 2551 596 2608 et
626 2546 767 2627 jocemur
802 2568 871 2608 cnm
910 2545 1029 2606 amicis.
1078 2544 1258 2607 Adversarii

128 2632 227 2693 nostri
253 2640 415 2712 noqueunt
438 2633 547 2695 oculos
570 2633 708 2696 tenebris
731 2637 875 2695 assuetos
891 2631 930 2693 acl
949 2631 1048 2693 lucem
1074 2630 1259 2712 perspicuae

129 2718 272 2780 veritatis
294 2717 440 2781 attollere
456 2719 636 2800 similesque
653 2726 728 2783 sunt
745 2717 936 2787 bubonibus,
954 2739 1086 2799 qnorum
1104 2717 1258 2780 intuitum

129 2826 190 2866 nox
216 2804 384 2886 illuminat,
403 2805 468 2866 (lies
486 2812 602 2868 carnut.
650 2806 765 2869 Beluae
790 2811 875 2879 sont,
900 2804 988 2867 etsib
1011 2803 1178 2867 videantur
1201 2802 1259 2867 ha·

130 2889 201 2953 berc
224 2913 337 2973 corpus
361 2891 544 2955 humanum.
590 2891 736 2956 Mordent
759 2892 841 2954 enirn
868 2895 899 2953 et
922 2890 1043 2954 latrant
1066 2898 1230 2971 tamquam
1247 2902 1261 2930 ⁰

127 3000 231 3040 canes.
279 2978 364 3041 Alios
387 2979 798 3059 avaritial‘rapacitasque
829 2977 919 3058 lupos
948 2977 1032 3040 lacit.
1064 2977 1116 3040 alii
1149 2977 1259 3041 foveas

130 3063 248 3127 liabent
282 3072 313 3127 et
348 3065 492 3146 vulpinas
525 3066 657 3129 iosirlias
691 3070 832 3139 nectunt,
867 3064 920 3127 alii
956 3063 1083 3126 volatici
1119 3061 1195 3127 sunt
1226 3070 1259 3128 et

128 3150 260 3214 mobiles
285 3152 386 3213 instar
412 3154 528 3221 arium,
562 3175 662 3235 neque
692 3154 780 3215 deest
810 3151 929 3230 „amica
953 3150 1019 3213 luto
1043 3148 1144 3213 sus.“²
1190 3150 1258 3232 Ego

128 3259 253 3320 quoque
290 3239 371 3301 inter
405 3246 453 3301 tot
488 3240 596 3302 beluas
631 3240 721 3320 quasi
755 3239 861 3319 segnis
894 3243 926 3298 et
960 3237 1105 3318 stupidus
1140 3237 1258 3301 asellus

130 3332 238 3405 torpeo
270 3329 301 3387 et
332 3348 437 3388 rocem
473 3326 602 3388 lotinrun
638 3326 787 3406 doctique
822 3323 936 3404 probos
970 3346 1129 3386 sermones
1163 3323 1257 3388 amisi

128 3411 293 3474 clamando
323 3411 442 3493 jugiter
475 3435 543 3474 cum
580 3412 688 3484 asinis,
715 3434 752 3473 ne
775 3411 929 3491 gregatim
962 3432 1011 3472 ine
1039 3408 1179 3473 calcibus
1208 3411 1257 3473 in·

128 3498 254 3560 lestent.
300 3496 332 3561 Si
358 3520 418 3580 qua
444 3520 581 3580 unquam
608 3498 669 3560 fnit.
693 3499 722 3561 in
750 3521 796 3559 rne.
814 3502 869 3559 aut.
887 3497 1004 3575 ingenii
1021 3502 1075 3558 aut
1093 3496 1258 3560 doctrinae

130 3583 208 3653 laus,
233 3606 300 3646 eam
324 3585 492 3647 stultorum
519 3587 665 3663 contagio
690 3585 772 3647 ‹lelet
796 3590 827 3646 et.
851 3584 959 3645 inlicit.
1008 3583 1106 3664 „Quid
1125 3583 1255 3664 dignum

128 3671 252 3734 stolidis
275 3672 435 3735 mentibus
460 3673 632 3752 imprecor?
678 3674 770 3752 tlpes,
795 3670 929 3732 bonores
951 3670 1105 3743 ambiant,
1128 3669 1255 3733 Etcum

130 3758 208 3820 l'nlsa
231 3758 320 3838 gravi
336 3759 417 3821 mole
434 3759 624 3839 paraverint,
642 3757 718 3821 Tum
738 3779 810 3819 vera
827 3760 1021 3836 cognoscant
1038 3755 1138 3819 bona“
1165 3755 1258 3837 (haec

129 3843 229 3906 Bootii
243 3844 338 3908 rerba
350 3843 468 3920 sunt.³);
487 3867 557 3907 num
573 3867 645 3907 vera
663 3844 746 3906 bona
763 3843 901 3906 nondum
921 3849 1054 3923 possunt
1072 3844 1257 3924 perspicere,

130 3930 307 3992 nescientes
342 3931 469 3993 virtutis
504 3954 649 3995 coronam
683 3957 750 3993 esse
782 3929 982 4010 tranquillam
1017 3930 1125 4004 ritem,
1161 3928 1258 3992 nullis

128 4017 331 4080 affectionum
355 4017 506 4080 fluctibus
530 4018 701 4080 tnrlnrtarn.
747 4015 903 4079 luscitiac
927 4016 989 4078 reri
1014 4015 1181 4079 consilium
1199 4017 1255 4079 im·

132 4103 215 4184 pedit
240 4112 271 4164 et.
294 4105 401 4166 oculos
432 4105 546 4167 urentis
575 4104 770 4186 perstringit.
817 4102 953 4183 lrleoque
986 4125 1112 4184 peccare
1135 4125 1168 4164 se
1193 4124 1255 4164 nou

129 4197 263 4252 cernunt
294 4190 487 4254 rletralmnrlo
520 4191 611 4253 nobis
642 4190 811 4271 praemium
847 4196 878 4251 et
908 4189 1048 4268 gloriam.
1099 4187 1140 4249 Et
1168 4188 1256 4252 sanis

128 4276 241 4338 infirmi
274 4278 442 4338 minantur.
491 4276 567 4338 Nam
598 4277 726 4339 medicis
758 4281 851 4355 egent
880 4283 910 4337 et
938 4281 1012 4337 sunt
1041 4275 1258 4339 misericordia

129 4363 229 4442 magis
252 4385 345 4444 quum
370 4363 442 4426 orlio
467 4363 564 4443 «ligni.
611 4363 687 4437 ouis
710 4363 792 4423 enim
823 4362 1009 4442 languentes
1037 4361 1139 4425 orlarit
1169 4361 1257 4425 vitiis

194 4471 333 4551 edinosco.
405 4503 457 4550 bot
476 4500 506 4552 si.
577 4506 735 4566 rtauquarn.
805 4498 857 4549 ‹rr-i
875 4503 906 4552 st.
926 4498 955 4551 ti.

196 4571 204 4600 ¹
223 4571 372 4635 Spottrerse
391 4570 437 4620 nul
453 4570 494 4620 ‹tie
515 4568 616 4632 l'einrle,
636 4568 708 4620 nictit
727 4568 851 4620 erlrnlten.
923 4570 933 4598 Ι
954 4567 1011 4620 llor.
1033 4567 1077 4634 Ep.
1098 4565 1117 4632 Ι,
1136 4564 1160 4633 2,
1178 4564 1219 4619 to.

162 4636 289 4692 ³Uousol.
308 4638 350 4705 ptr.
373 4637 417 4702 ΙΙΙ,
435 4640 452 4691 ὃ
471 4638 527 4706 (Eu.
549 4638 648 4706 l'eiper,
668 4637 738 4704 lips.
759 4639 832 4705 isti,
852 4654 874 4704 p.
894 4637 946 4702 or).
