2774 4966
397 117 400 127 ¹
450 117 456 137 i

160 618 224 682 618
386 619 539 673 Zcrstreute
557 618 645 675 Bristc
663 634 711 675 aus
729 618 934 674 verschisdensn
952 621 1053 675 Zeiten.

162 788 234 852 uiti'
261 793 292 852 et
314 788 465 852 similium
487 788 715 854 cavillationes,
759 787 801 853 Et
823 790 974 870 quoniam
996 790 1120 856 Erasini
1135 791 1207 857 lans
1223 815 1289 858 non

161 879 234 955 eget
264 874 466 938 buccinatore
497 876 555 956 (sic
577 876 659 939 euim
691 874 811 953 laudat,
834 879 870 939 ut
891 876 958 958 ipsc
986 877 1228 943 laudatissimus
1254 884 1291 942 st

47 968 52 976 ’
162 959 368 1023 disertissimo
391 959 582 1042 Hieronymo
605 961 751 1023 disertior
775 982 843 1024 esse
866 960 1033 1042 videatur),
1056 985 1075 1027 a
1098 984 1147 1025 me
1177 967 1288 1029 tamen

161 1045 297 1126 accipies
320 1049 357 1107 ut
378 1043 472 1108 homo
496 1046 573 1109 mihi
597 1045 876 1126 conjunctissimus
899 1068 1052 1111 summam
1078 1047 1192 1129 judicii
1215 1049 1288 1112 mei.

161 1129 292 1194 Poterat
313 1130 434 1193 landari
459 1131 570 1206 fusius,
593 1131 649 1194 sed
671 1152 819 1194 mensura
841 1131 995 1213 epistolae
1010 1155 1072 1197 nou
1090 1133 1176 1215 capit
1192 1155 1290 1216 pane·

160 1217 310 1297 gyricuni.
369 1215 580 1280 Instauratori
616 1216 880 1298 Hieronymiauae
918 1216 1131 1282 bibliothecas
1170 1240 1289 1302 magno

161 1300 290 1364 Erasmo
328 1300 545 1383 Burgundioni
583 1302 748 1381 utriusque
785 1300 915 1382 linguae
951 1302 1051 1383 gloria
1087 1302 1215 1380 illustri,
1249 1304 1290 1368 de

161 1386 352 1467 evangelicis
380 1393 412 1448 et
440 1387 624 1469 apostolicis
657 1386 758 1449 literis
791 1386 907 1449 nedum
938 1387 976 1450 de
999 1387 1139 1469 profanis
1161 1393 1194 1452 et
1217 1411 1289 1453 vere

159 1472 253 1536 honis
285 1471 400 1534 stodiis
431 1473 549 1552 optime
583 1472 705 1544 merito,
739 1472 794 1551 qni
829 1472 994 1552 theologos
1027 1494 1137 1537 omnes
1171 1477 1209 1536 ut
1238 1474 1289 1538 in·

160 1557 283 1620 dustria
305 1555 457 1635 singulari
481 1557 527 1620 ita
550 1578 680 1619 romana
702 1558 865 1638 superavit
887 1557 1079 1637 eloquentia,
1102 1559 1240 1623 studiosi
1255 1565 1289 1623 et

162 1642 280 1705 dociles
303 1642 447 1704 certatim
470 1642 620 1707 honorem
645 1641 771 1716 habere,
792 1641 907 1706 eruditi
922 1647 955 1707 et
970 1643 1163 1708 excellentes
1178 1643 1289 1708 ortho-

161 1727 237 1790 doxi
259 1726 398 1791 officium
422 1749 514 1790 suum
532 1731 700 1809 praestare,
717 1728 820 1789 omnis
836 1731 934 1800 aetas,
952 1749 1057 1801 sexus,
1074 1729 1151 1792 ordo
1166 1730 1289 1811 gratias

161 1834 264 1893 agere,
288 1812 424 1894 denique
447 1812 641 1878 christianus
664 1811 750 1876 orbis
773 1811 878 1876 favete
900 1813 1004 1877 modis
1025 1813 1175 1878 omnibus
1189 1819 1288 1899 atque

162 1898 328 1978 suffragari
351 1897 454 1959 debet.

260 1983 376 2059 Habes,
409 1982 527 2063 Lange,
563 2003 665 2046 meum
700 1981 855 2063 judicium
878 1986 910 2046 et
939 1986 1030 2047 tuum
1062 1977 1287 2067 Hieronymum

159 2090 230 2132 cnm
255 2068 415 2151 triplicato
439 2067 553 2132 fenore.
599 2067 681 2130 Huic
703 2067 826 2132 doctori
848 2067 966 2131 eximio
989 2069 1122 2150 primam
1139 2070 1172 2132 in
1189 2069 1289 2135 Athe·

160 2175 240 2218 naeo
263 2157 319 2217 tuo
342 2153 523 2218 cathedram
555 2154 630 2217 dato
661 2152 792 2216 semotis
820 2153 1033 2218 contenciosis
1061 2153 1134 2230 illis,
1167 2155 1288 2238 quibus

161 2240 203 2304 ob
226 2239 450 2303 scholasticam
473 2244 509 2302 ut
532 2242 648 2303 vocant
663 2237 857 2318 theologiam
875 2242 906 2302 te
921 2260 977 2322 pro
993 2245 1135 2323 tempore
1151 2239 1289 2309 dedicas.

162 2323 284 2390 Cedant
319 2324 499 2408 Capreolus,
535 2323 714 2400 Bumodus,
748 2322 865 2388 Scotus
899 2331 931 2388 et
964 2323 1090 2389 Occam.
1137 2323 1240 2390 Cedat
1274 2349 1291 2390 e

159 2433 255 2477 manu
290 2413 365 2481 tidil,
399 2413 498 2481 urrist,
530 2407 675 2489 lrtlportc.²
722 2409 903 2474 Hebescunt
933 2415 965 2474 et
995 2411 1208 2492 languescunt
1237 2435 1290 2476 so·

183 2497 285 2561 histes
316 2495 422 2559 collati
450 2517 519 2559 cnm
544 2495 676 2559 eruditis
699 2501 732 2558 et
755 2494 987 2578 eloquentibus
1022 2497 1151 2561 tametsi
1175 2498 1208 2562 in
1231 2521 1291 2563 sua

160 2519 278 2647 harena
301 2583 468 2664 plusquam
492 2580 681 2662 gladiatorio
705 2581 858 2644 dimicant
880 2583 995 2644 animo.
1042 2579 1144 2646 11010.ι

312 2682 375 2738 Coll.
395 2682 495 2736 Carncr.
515 2681 616 2735 Monac.
635 2681 711 2747 l'lll,
730 2681 770 2736 25.
790 2682 950 2750 autograph.
981 2745 982 2748 Ἴ

159 2870 274 2940 (caua.)
682 2854 755 2919 550.
1047 2869 1087 2922 15.
1105 2867 1160 2923 nar
1178 2871 1291 2938 (1517).⁴

546 2979 691 3050 Mutian
713 2999 762 3049 an
784 2979 902 3065 hang.

166 3110 275 3178 (Schera
285 3109 349 3162 elder
365 3109 408 3161 dic
424 3109 562 3162 Kohbolch
580 3125 631 3161 nus
649 3108 749 3161 Arctoas
765 3107 811 3159 der
828 3106 937 3160 aarum
955 3123 1004 3160 oon
1021 3106 1165 3160 Itcnclslins
1180 3107 1291 3174 Sclau'fi.

420 3177 507 3246 Prope
523 3177 593 3230 uach
610 3178 660 3229 den
676 3175 867 3229 laeteri-sesclae
885 3174 1031 3243 Mencken.)

219 3292 404 3344 Reverendo
422 3292 455 3342 in
473 3291 596 3343 christo
614 3290 699 3352 patri
716 3290 814 3351 priori
832 3289 882 3340 Jo.
899 3289 1007 3350 mango
1025 3286 1229 3346 mordicum,

288 3377 433 3437 theologo
452 3378 613 3435 utriusque
631 3376 756 3435 linguae
774 3375 887 3434 perito,
905 3375 1004 3424 amco
1022 3372 1162 3423 summo.l

263 3487 368 3561 Salve,
392 3510 474 3570 papa
499 3487 616 3567 Lange,
648 3487 744 3548 decus
772 3485 865 3567 patrii
900 3485 1066 3566 gymnasii.
1112 3482 1195 3560 Quid
1230 3486 1292 3546 tu?

161 3573 229 3654 Ego
262 3573 447 3636 cabalistica
480 3571 578 3654 1ος0.Β
634 3571 697 3635 Sed
731 3571 805 3633 dnm
841 3568 996 3652 Capnioni
1031 3572 1142 3632 nostro
1177 3568 1293 3633 damus

159 3680 296 3740 operam,
321 3659 464 3740 cogimur
488 3658 609 3721 interea
636 3655 902 3739 pythagorissare.
948 3654 1060 3735 ltaque
1088 3652 1207 3716 sufficit
1236 3654 1294 3717 illa

159 3744 284 3824 gemina
310 3743 450 3808 Simonis
473 3743 639 3807 salutatio:
669 3741 842 3822 „Dominus
872 3739 1048 3817 vobiscum,
1075 3759 1139 3820 pax
1166 3737 1291 3802 vobis.“

159 3828 241 3892 lllnd
274 3828 368 3904 addo,
392 3851 432 3892 ue
456 3828 537 3893 festo
570 3832 627 3891 tuo
662 3828 745 3890 desit
777 3826 925 3889 festivum
959 3825 1090 3900 dictum,
1124 3827 1173 3886 est
1207 3824 1295 3888 euim

162 3914 311 3996 perendie
345 3914 457 3996 templi
492 3913 590 3977 vestri
624 3912 740 3975 natalis
773 3911 854 3974 dies:
890 3908 1015 3972 forent
1040 3929 1096 3992 pro
1130 3906 1295 3987 cabalio-is,

161 4061 365 4071 ——-—

234 4137 241 4166 ¹
260 4134 286 4187 S.
306 4133 356 4185 334
377 4134 407 4184 h.
427 4135 449 4185 u'.
517 4131 593 4184 'Hie
612 4129 853 4197 Spitzlindiglroiten
872 4129 918 4180 der
935 4126 1094 4180 Scholastik:
1114 4124 1212 4188 Piclrel,
1231 4127 1295 4187 Axt,

166 4202 331 4255 Hellebarde.
393 4202 403 4231 ³
420 4201 469 4253 Ilio
487 4200 664 4253 t'nterschrilt
681 4199 756 4252 fehlt.
816 4199 826 4229 ⁴
843 4196 986 4248 Jedentnlls
1004 4195 1078 4247 nicht
1094 4193 1295 4261 hitherwegeu

165 4272 212 4323 der
239 4271 406 4336 Eruiihuung
429 4285 479 4321 von
504 4267 648 4320 chchlius
665 4267 704 4318 Dc
723 4270 778 4318 urle
796 4265 967 4317 cahbalistica
995 4264 1047 4315 und
1073 4262 1297 4320 n'ahrschciulich

164 4339 238 4392 nicht
257 4345 343 4405 spiiter
357 4354 447 4404 wegon
466 4338 511 4389 dor
529 4336 696 4401 Erwannuug
714 4335 760 4386 der
778 4333 972 4386 kretsnsischeu
985 4331 1148 4384 Moucheam
1159 4329 1295 4384 Schlusse.

165 4407 224 4474 Vgl.
243 4407 268 4459 S.
289 4407 340 4458 1116
358 4410 388 4460 Α.
407 4408 431 4458 4.
467 4405 544 4457 Auch
562 4406 604 4457 fiel
623 4405 669 4455 der
689 4405 727 4455 17.
749 4402 809 4467 ilai,
834 4418 867 4454 au
892 4401 1020 4453 walchem
1039 4397 1297 4464 (1001000001οά0-

192 4479 217 4526 st
236 4476 284 4542 der
308 4473 559 4542 Augustinerkirche
581 4475 645 4525 statt
666 4472 736 4533 saud,
753 4471 792 4522 im
808 4470 833 4521 1.
855 4471 920 4522 1517
939 4469 985 4520 auf
1000 4465 1173 4544 cineuSonn
1223 4505 1228 4518 .

200 4545 344 4599 ’Ausssre
360 4542 485 4599 Adrossc.
554 4542 565 4574 ⁶
584 4539 726 4595 Reuchlins
745 4537 844 4592 Schritt
861 4536 900 4590 De
918 4541 974 4590 arto
992 4533 1170 4602 cabbahshca,

200 4615 224 4670 ‘7
239 4615 324 4674 Mur.
