2774 4966
379 37 1333 291 Π

579 116 585 133 Ι

126 594 191 661 320
544 588 632 647 Briele
648 592 696 647 des
710 593 735 649 J.
756 594 829 651 1513.

127 772 297 849 utrumque
330 786 411 831 onus
432 765 535 847 magis
557 765 699 848 prolecto
722 788 772 830 me
793 767 916 849 premit,
952 788 1047 849 quam
1082 766 1250 835 Herculem

127 855 215 918 illum
240 855 423 936 impositum
447 853 587 915 humeris
608 854 675 916 suis
697 854 828 917 coelum.
873 852 935 917 Sed
958 854 1036 917 haec
1056 876 1115 919 suo
1129 856 1250 921 ordine.

127 940 219 1004 Nunc
246 960 315 1021 ego,
346 939 431 1021 quod
464 939 601 1002 maxime
634 939 736 1002 facere
769 960 818 1002 me
851 941 1010 1016 convenit,
1043 940 1252 1022 dignatioui⁸

127 1032 202 1090 tuae
224 1027 363 1089 secunda
384 1027 491 1089 omnia
513 1046 630 1107 precor,
655 1047 736 1106 quae
759 1026 897 1106 precatio
914 1048 952 1087 ne.
969 1049 1017 1089 me
1034 1026 1133 1103 fallat,
1156 1029 1250 1093 deum

128 1115 282 1196 optimum
306 1113 478 1175 maximum
496 1132 560 1173 oro.
607 1111 682 1173 Vive
704 1117 736 1175 et¹
759 1111 838 1187 vale,
853 1118 886 1174 et
901 1114 926 1174 si
944 1117 1045 1189 vacat,
1061 1114 1251 1179 effusissime

128 1198 273 1263 rescribe.
318 1198 376 1261 Est
397 1197 447 1260 hic
471 1196 564 1259 homo
578 1196 696 1277 judicio
719 1219 788 1260 meo
811 1197 979 1261 multarum
1004 1206 1036 1262 et
1057 1204 1250 1265 remotarum

128 1308 191 1349 non
216 1283 418 1348 historiarum
442 1283 534 1345 modo
557 1284 612 1346 sed
635 1291 668 1345 et
690 1282 926 1365 disciplinarum
961 1286 1092 1366 peritus,
1122 1284 1249 1351 Stanis·

128 1372 197 1435 laus
220 1370 350 1446 Sauras,
382 1369 553 1431 canonicus
583 1368 860 1432 Bratislaviensis.'
908 1369 1008 1451 Hujus
1039 1371 1248 1436 eruditionem

128 1460 155 1521 si
180 1456 278 1521 literis
301 1459 479 1539 pertentare
501 1454 597 1527 voles,
622 1456 732 1518 feceris
754 1456 902 1536 opinione
919 1478 987 1519 mea
1002 1456 1248 1540 pulcherrimum

128 1544 300 1623 negotium.
353 1541 428 1605 l'alc
461 1541 585 1604 iterum.
641 1540 848 1605 Brutislaviae
881 1550 994 1622 quarto
1028 1543 1137 1607 Nonas
1170 1544 1249 1608 Julii

127 1629 269 1693 thXlll.

280 1728 341 1782 Cud.
360 1727 425 1780 Frcl.
444 1727 501 1780 334.

127 1918 219 1972 (lotha.
652 1899 724 1964 261.
1041 1916 1080 1971 12.
1099 1915 1153 1970 Juli
1173 1919 1247 1973 1513.

28 2002 33 2011 ⁴
495 2025 637 2096 Mutlan
660 2047 708 2097 an
731 2026 868 2097 [luban.

126 2159 217 2225 (Frcal
234 2158 290 2210 sicle
310 2156 372 2208 liber
395 2155 500 2208 l'rhans
518 2156 710 2224 Fraternlaclrosl
722 2158 771 2210 nrr'l
785 2157 897 2211 ll'lcm‘n.
931 2158 1068 2223 Balaam,
1078 2160 1142 2213 dosa
1157 2160 1247 2214 Urdua

125 2228 198 2281 erich!
215 2227 283 2279 article
302 2225 460 2291 Naronem-p
478 2242 530 2277 aar
549 2226 732 2278 Bllclrermessc
754 2228 838 2279 aalma
864 2228 964 2280 tanede.
1000 2227 1102 2281 &arech
1123 2231 1167 2281 des
1189 2229 1246 2283 Joh.

127 2296 294 2362 Sllrrrrncrinp
311 2294 361 2347 ruit
378 2295 475 2347 solerem
495 2295 664 2349 lalcrrlrollen.
683 2294 744 2347 ulter
758 2313 791 2348 aa
802 2298 851 2348 dea
865 2297 948 2348 Sr'llen
958 2297 1031 2349 eiras
1040 2297 1247 2350 I'rrsserrreiascrs

291 2365 346 2415 lirul
364 2364 524 2415 ,ultanum-s
540 2365 596 2416 ar'clr
612 2364 797 2431 perrillmcmlcn
816 2365 888 2418 Puer
905 2366 1081 2425 Androclus.)

152 2479 284 2532 Erudito
301 2478 386 2539 patri
402 2478 441 2530 Η.
460 2479 586 2529 Urbano
605 2491 769 2529 oeconomo
787 2480 943 2539 prudenti,
959 2481 1213 2541 philosophorum

294 2564 523 2623 humanissimo,
541 2565 638 2614 amico
656 2577 719 2614 non
736 2564 858 2626 vulgari
876 2564 930 2629 (Μ.
948 2564 1070 2633 Rufus).

229 2673 260 2738 S.
306 2673 385 2752 Tito,
409 2672 560 2738 Tilonini²
592 2675 775 2757 discipulus,
805 2697 851 2738 me
881 2676 1077 2741 familiariter
1099 2682 1131 2742 ct
1153 2681 1244 2763 quasi

127 2783 184 2827 suo
204 2761 273 2842 jure
295 2761 376 2824 adiit
398 2767 430 2825 et
452 2762 629 2825 sciscitanti
653 2760 730 2825 mihi
754 2762 792 2825 de
814 2763 925 2826 amicis
955 2765 1185 2837 communibus,
1209 2772 1246 2830 ut

96 2871 99 2877 ·
125 2848 262 2929 rogitare
297 2848 406 2910 crebro
440 2848 588 2922 solemne,
622 2847 774 2930 explicuit
804 2869 850 2921 ea,
881 2870 962 2929 quae
993 2851 1091 2913 novit.
1138 2851 1183 2915 De
1213 2858 1245 2917 te

125 2955 198 2998 vero
213 2954 335 2998 summo
347 2932 487 2997 cohortis
499 2940 626 2998 nostrae
637 2933 760 2997 fautore
774 2935 788 2973 b
810 2934 855 2997 ita
871 2935 1091 3017 respondebat,
1108 2939 1243 3002 accitum

125 3021 184 3085 tibi
217 3020 427 3084 convictorem
457 3020 555 3084 fuisse
583 3026 815 3103 praeceptorem
849 3020 936 3084 illum
972 3043 1073 3085 suum.
1119 3023 1245 3099 Quanta

126 3129 176 3170 me
198 3106 321 3170 laetitia
342 3105 426 3170 attici
450 3106 560 3181 credie,
583 3115 703 3188 quanto
734 3106 879 3189 perfundi
912 3108 1039 3188 gaudio,
1074 3114 1242 3192 postquam

126 3193 232 3257 audivi
244 3213 429 3256 consensum
444 3191 528 3256 hunc
540 3200 677 3255 vestrum
696 3192 899 3274 studiumque
916 3194 1076 3270 eximium,
1093 3216 1243 3272 magnum

126 3280 219 3362 plane.
256 3286 476 3359 argumentum
516 3284 643 3342 mutuae
680 3278 939 3342 benevolentiae?
996 3279 1108 3344 Merito
1146 3283 1245 3363 igitur

124 3367 185 3430 tibi
205 3365 347 3447 gratulor
363 3370 395 3427 et
410 3364 545 3440 exsulto,
568 3365 651 3446 quod
668 3365 827 3429 veteribus
842 3371 875 3428 et
890 3366 983 3428 certis
999 3368 1108 3430 amicis
1123 3389 1245 3450 semper

126 3474 225 3516 novos
248 3452 375 3531 ingenio
397 3451 567 3529 mirabiles,
598 3451 758 3533 exquisita
788 3451 931 3514 doctrina
960 3459 1158 3532 praestantes
1187 3455 1243 3517 ad·

123 3540 223 3621 jicias.
269 3539 373 3619 Atque
397 3537 473 3601 hacc
496 3543 551 3601 tua
575 3536 755 3617 benignitas
778 3536 952 3619 complures
970 3539 1008 3600 ad
1026 3543 1056 3601 te
1072 3541 1241 3604 amandum
1283 3550 1287 3557 ’

126 3625 355 3704 colendumque
377 3622 504 3687 alliciet.
549 3623 637 3699 Quod
662 3628 766 3687 autem
788 3622 970 3686 humanitas
985 3629 1041 3686 tua
1057 3625 1103 3687 vol
1120 3647 1244 3690 summa

125 3712 231 3793 potius
254 3711 411 3792 sapientia
433 3710 580 3791 prodesse
597 3708 673 3771 mihi
691 3715 727 3772 ut
741 3708 851 3780 voluit,
869 3729 931 3772 non
947 3711 1062 3790 potuit,
1078 3716 1241 3793 tamquam

125 3799 236 3861 itinere
273 3797 312 3859 ad
346 3793 577 3877 Neohurgium⁸
613 3796 799 3878 interrupto,
839 3796 942 3858 nescio
980 3801 1084 3859 utrum
1123 3798 1242 3862 diluvio

124 3884 273 3953 tribuam,
306 3881 390 3962 qnod
424 3882 568 3945 coenobii
601 3883 649 3944 tui
683 3903 805 3944 murum
840 3879 928 3944 humi
961 3881 1075 3962 dejecit
1109 3887 1243 3947 cristatis

126 3971 219 4033 doliis
234 3968 501 4050 zythobibarunro
526 3967 751 4048 perfractisque
767 3966 913 4029 claustris
936 3990 997 4029 non
1020 3989 1084 4029 unc
1108 3969 1139 4031 in
1165 3970 1242 4043 loco,

125 4080 165 4119 an
192 4053 349 4119 llibantis⁸
366 4054 542 4135 superbiae,
561 4055 615 4134 qui
631 4060 667 4116 ut.
683 4055 779 4116 durus
796 4053 954 4115 Iluronlus
972 4075 1028 4116 nec
1043 4054 1083 4115 ab
1100 4055 1243 4119 honestis

194 4224 208 4251 a
221 4208 252 4261 ll.
321 4210 336 4247 l>
349 4205 449 4259 fautori.
520 4218 533 4246 0
547 4205 735 4273 aytohibarum.

196 4280 203 4310 ¹
222 4275 367 4330 Starrislaus
385 4275 474 4333 Sapor,
494 4274 624 4341 gclchrtcr·
640 4274 792 4327 Kanonikus
809 4273 836 4326 in
855 4272 972 4327 Brcsluu.
990 4289 1030 4325 wo
1043 4289 1072 4326 cr
1084 4276 1149 4326 1535·
1162 4277 1241 4330 starh.

203 4344 479 4407 ,accolanarum
504 4360 528 4410 p.
549 4346 580 4395 18
597 4362 635 4411 sq.
705 4343 850 4395 ”Erturtm
873 4340 1036 4409 llichtcrling
1060 4344 1113 4395 und
1141 4345 1243 4411 llcguer

203 4416 294 4468 hirtus
313 4414 338 4468 S.
358 4414 407 4465 :hl
427 4418 456 4466 A.
474 4414 498 4464 l.
533 4413 596 4477 Tilo,
623 4413 689 4465 arn-h
718 4412 766 4464 nrit
793 4413 850 4462 dcnr
876 4411 984 4464 'alianae
1001 4411 1189 4469 Eisonaccnsis.
1208 4415 1242 4467 ist

203 4484 239 4537 ins
257 4484 334 4537 Puer.
409 4482 524 4535 ‘'ln-pan
550 4482 639 4534 n'ollte
667 4497 726 4534 zunr
746 4482 786 4535 29.
804 4479 866 4532 luni
894 4481 959 4532 rrach
987 4481 1033 4533 dor·
1059 4481 1243 4549 Nanrnlnnger

199 4570 219 4609 c.
237 4552 279 4609 ΒΓ.
298 4554 356 4606 hal.
427 4552 507 4603 ‘Iler
524 4551 576 4603 rut
594 4551 753 4620 (Duronius).
793 4549 912 4602 llicsclho
938 4549 1123 4615 lhzcichnuug
1147 4551 1173 4603 iu
1200 4552 1241 4607 llr.

202 4624 260 4677 254.
295 4623 345 4677 llic
360 4621 419 4690 lolg.
433 4620 514 4674 Stella
527 4620 598 4688 gicht
614 4619 770 4673 Aulschluss
784 4619 849 4671 liber
858 4618 900 4670 llic
910 4616 1241 4686 llozeichuungllurouius.
