2774 4966
154 671 219 741 434
571 671 659 728 Briele
677 673 723 728 des
741 671 766 728 J.
787 675 860 730 1514.

155 851 252 926 atque
286 844 438 908 subsidiis
469 850 502 909 et
531 868 633 909 rerum
665 869 725 910 usu
757 853 867 929 septus
890 870 952 911 non
977 849 1087 912 desino
1111 853 1143 912 te
1166 868 1288 929 urgere,

156 937 192 994 nt
222 952 344 1011 semper
371 931 458 1003 milri,
489 932 573 1011 quod
602 934 763 1012 egregium
793 934 836 996 sit
858 938 891 996 et
913 934 1082 1014 singulare,
1119 933 1287 1015 legendum

155 1017 278 1079 offeras.
325 1016 480 1091 Quocirca
502 1039 597 1098 perge
623 1017 764 1087 obsecro,
788 1024 824 1080 ut
848 1019 1028 1095 instituisti,
1045 1020 1096 1081 via
1120 1026 1152 1083 et
1174 1018 1290 1082 uberes

155 1123 215 1181 age
238 1101 357 1181 gratias
383 1101 612 1182 llyrclrbergio¹
638 1102 819 1184 theologiae
842 1103 1023 1175 candidato,
1051 1105 1119 1167 viro
1141 1103 1290 1168 castioris

157 1185 343 1267 disciplinae
381 1191 446 1248 tum
486 1188 654 1266 professori
687 1208 783 1267 quam
817 1191 951 1251 amatori
986 1193 1019 1251 et
1051 1195 1196 1271 patrono,
1230 1209 1289 1270 pro

155 1270 349 1334 liberalitate
382 1293 450 1346 sua,
489 1293 584 1351 quam
618 1270 768 1334 librorum
805 1274 970 1354 participio
1006 1274 1083 1337 mihi
1117 1275 1289 1356 praestitit.

156 1356 250 1420 Dicas
275 1378 322 1418 me
347 1377 409 1418 non
435 1357 552 1418 vidisse
574 1356 771 1437 Quintuplex
787 1357 1002 1420 Psalterium.²
1040 1357 1198 1422 Consules
1215 1380 1289 1422 eum

156 1442 194 1504 de
218 1441 318 1522 pretio
343 1438 556 1505 Damasceni³
601 1442 749 1518 Quaerere,
786 1465 859 1505 num
892 1443 1009 1506 lrabeat
1031 1443 1060 1505 l.
1085 1442 1290 1507 Climscum.⁴

155 1525 231 1589 Erat
253 1527 285 1587 in
311 1525 445 1588 aedibus
468 1527 585 1589 nostris
605 1526 732 1606 juvenis
757 1526 960 1608 Agrippinus,
992 1529 1119 1591 nomine
1146 1528 1291 1592 lacobus

156 1610 300 1675 sobius*
345 1610 376 1673 ls
399 1609 478 1673 mihi
501 1611 601 1674 multa
626 1611 765 1696 jucunde
794 1615 935 1676 narravit
958 1613 996 1676 de
1019 1613 1156 1677 literatis
1187 1613 1292 1677 homi-

156 1696 259 1759 nibus.
304 1695 385 1759 Nam
409 1698 441 1758 et
465 1696 531 1775 ipse
554 1696 697 1776 pollebat
727 1696 884 1777 elegantia
908 1699 1044 1779 quadam
1068 1699 1199 1780 ingenii,
1226 1698 1290 1761 etsi

154 1782 235 1844 facie
258 1786 342 1849 esset
366 1780 548 1844 Hebraeus:
572 1781 737 1844 Erasmum
762 1782 865 1845 adhuc
887 1781 1018 1857 vivere,⁶
1042 1783 1178 1864 plurima
1201 1805 1291 1846 com-

156 1887 281 1948 ponere,
305 1865 477 1928 Buschium
505 1867 658 1929 cecinisse
682 1865 888 1946 palinodism⁷
914 1873 945 1930 et
968 1870 1072 1949 gratia
1094 1868 1155 1931 frui
1172 1867 1293 1950 capni-

155 1953 250 2027 onis‚'
271 1950 440 2014 Ortuinnm
475 1951 643 2031 persistere
676 1952 707 2014 in
742 1973 799 2014 sue
835 1955 1020 2034 pertinacia,
1058 1952 1290 2017 Hochstratum

156 2059 224 2101 esse
246 2036 374 2112 Romae,
399 2040 436 2098 ut
457 2036 543 2098 litem
580 2035 736 2118 Capnioni
771 2036 877 2114 faciat,
912 2038 1046 2100 eundem
1081 2039 1184 2101 virum
1220 2061 1291 2103 esse

156 2121 323 2198 crudelem,
345 2126 382 2183 ut
405 2121 458 2202 qui
488 2142 587 2201 nuper
610 2122 642 2184 in
666 2121 836 2184 Hollandia
871 2122 1088 2186 doctissimum
1130 2123 1289 2187 medicum

158 2205 381 2271 combusserit⁸
420 2211 453 2268 et
489 2205 641 2269 Coloniae
678 2207 710 2268 in
749 2207 902 2270 coenobio
940 2230 997 2271 suo
1035 2207 1133 2270 libros
1177 2228 1292 2271 omnes

154 2292 366 2356 humanitatis
403 2290 577 2368 secluserit,
612 2292 675 2355 imo
706 2293 738 2354 in
769 2296 884 2355 tetrum
917 2314 1071 2355 carcerem
1107 2292 1292 2372 conjecerit,

156 2378 241 2442 lacto
265 2377 401 2454 decreto
425 2381 469 2452 ut,
494 2378 548 2458 qui
565 2377 713 2456 deinceps
728 2376 837 2439 Musas
860 2379 1024 2453 amaverit,
1041 2378 1106 2440 vita
1122 2379 1293 2458 saluteque

156 2467 271 2528 careat.
318 2462 370 2526 Sic
404 2461 522 2524 bardus
557 2462 639 2525 Nero
679 2462 836 2525 doctiores
874 2462 972 2525 habet
1006 2468 1075 2526 tum
1109 2463 1184 2525 odio
1219 2469 1291 2527 tum

155 2547 303 2613 ludibrio.
348 2546 410 2609 Sed
437 2568 528 2627 spero
553 2547 627 2610 Dice
656 2547 870 2624 sanctissima,
899 2570 981 2630 quae
1004 2548 1063 2610 dea
1086 2549 1180 2628 punit
1202 2549 1293 2612 inso-

155 2635 268 2709 lentes
292 2630 353 2694 ibit
376 2631 513 2695 obviam.

245 2717 347 2798 „Nata
367 2717 458 2779 lovis
481 2716 596 2779 summi
618 2721 668 2779 est
691 2717 872 2780 veneranda
895 2717 962 2780 deis
986 2738 1113 2798 quoque
1137 2717 1227 2797 virgo

241 2802 399 2866 coelicolis
422 2806 559 2882 augusta
583 2801 667 2877 Dice,
691 2822 787 2882 quam
811 2803 837 2865 si
862 2804 935 2883 quis
958 2803 1069 2884 iniquo

238 2886 358 2968 judicio
382 2887 514 2950 incessit
535 2887 729 2963 temerarius,
753 2888 852 2950 illicet
875 2888 956 2951 acris

242 2973 362 3036 assidet
383 2977 459 3036 ante
481 2973 603 3049 lovem,
627 2973 827 3053 queribundo
852 2974 999 3054 protinus
1022 2993 1075 3035 ore

228 3111 234 3140 ¹
253 3107 306 3159 Der·
323 3123 423 3160 »macer
440 3110 466 3158 et
485 3105 644 3158 seurivivus«
662 3106 688 3157 in
706 3105 749 3158 Br.
763 3106 822 3159 328.
849 3105 1016 3158 Vonuutlich
1026 3104 1160 3157 lohannes
1175 3103 1291 3157 Pistoris

155 3175 277 3243 Krompfl
298 3175 516 3242 Kirohbsrgousis
541 3174 584 3239 (de
607 3174 746 3225 Hunorum
773 3175 949 3241 K'uchburgio
973 3189 1034 3225 rom
1060 3172 1148 3225 Hiimc
1176 3171 1292 3240 Koeck),

156 3243 297 3322 iinmetrili.
316 3243 367 3296 urr.
387 3243 441 3295 Ost.
462 3243 625 3327 (monteio
644 3242 778 3308 Gillert,
797 3243 955 3295 Lutlrerauo.
974 3241 1096 3318 Diisseld.
1117 3239 1191 3293 1883.
1211 3241 1237 3294 S.
1258 3240 1293 3292 12

155 3310 924 3456 centurn-ullutrucutentus
940 3310 992 3431 ll·
1005 3307 1240 3444 lllrlelts
1258 3307 1293 3428 {r

156 3449 241 3516 cinigo
266 3449 348 3500 Verso
371 3465 404 3499 zu
424 3447 489 3511 Eub.
514 3446 623 3499 Hcssus’
647 3445 778 3500 Bucolica.
815 3447 867 3498 Erl.
888 3447 962 3499 1509.
999 3447 1142 3511 Krause,
1162 3443 1191 3498 E.
1210 3443 1293 3497 Hess

155 3517 176 3578 1,
194 3517 236 3572 80.
272 3517 372 3569 Mutiuu
397 3518 478 3568 neunt
501 3515 548 3566 ilrn
571 3532 621 3567 nur
642 3515 710 3567 olrno
735 3515 885 3567 Vornamen
911 3515 1066 3576 Kirchbor,
1096 3513 1166 3566 anch
1187 3512 1216 3565 iu
1245 3512 1292 3567 Br.

156 3585 214 3638 309.
251 3575 323 3639 llbor
350 3584 421 3637 scine
448 3583 616 3649 Erwdhuuug
644 3583 670 3633 in
697 3582 761 3650 Epp.
789 3584 891 3636 obscur.
920 3584 967 3635 m'r.
987 3583 1032 3646 I,'
1079 3581 1131 3650 vgl.
1149 3580 1217 3633 Einl.

191 3653 323 3706 ²Fubeus.
358 3654 384 3707 S.
405 3669 457 3705 vor.
477 3651 519 3704 Br.
592 3651 679 3703 lVor·¹
699 3651 742 3704 ΒΓ.
816 3649 1295 3713 41011.801101113110115,Μόιιοὴαιιί

156 3722 216 3775 dem
240 3722 323 3790 Berge
346 3721 419 3774 Sinai
437 3721 474 3772 im
492 3721 516 3773 6.
534 3720 587 3779 Ju,
611 3735 663 3772 von
686 3720 772 3771 seiusr
796 3719 895 3772 Schrift
919 3721 1006 3778 κλίμαξ
1031 3735 1051 3772 s.
1077 3717 1148 3770 scala
1175 3716 1292 3784 paradisi

156 3790 289 3842 Climacus
308 3791 430 3842 benouut.
467 3789 514 3840 Ed.
532 3788 592 3841 Par.
613 3789 688 3840 1511.
759 3777 859 3839 ³llbcr
882 3787 972 3839 disson
996 3787 1094 3839 Ktilncr
1112 3785 1292 3837 Humanisten

156 3858 208 3926 vgl.
228 3858 256 3912 C.
275 3857 373 3910 Krafl
377 3861 395 3922 t,
415 3856 598 3924 Mittoiluugeu
616 3871 664 3908 aus
683 3855 729 3905 dor·
747 3855 919 3907 uiodorrlrein.
939 3855 1104 3908 ltel-Gesclr.
1118 3853 1174 3920 l,in
1186 3852 1290 3907 Ztschr.

157 3927 181 3980 d.
206 3926 281 3994 Berg.
308 3925 477 3978 (loson-Ver.
507 3924 550 3976 VI.
577 3924 651 3976 Bonn
682 3924 747 3975 1869
769 3923 794 3976 S.
823 3923 967 3976 228-240.
1005 3924 1032 3977 C.
1052 3940 1078 3976 u.
1098 3922 1139 3973 W.
1163 3921 1292 3985 Krallt,

156 3994 242 4047 Briele
265 4011 290 4047 u.
314 3994 425 4046 Dolum.
444 4009 466 4045 a.
486 3993 510 4046 d.
529 3992 613 4044 Relzt.
638 3992 733 4044 Elborl.
760 3991 832 4045 1815.
857 3992 881 4044 S.
903 3991 952 4044 120
969 3993 991 4043 ff
1010 3991 1065 4043 198.
1103 3993 1154 4042 Am
1180 3992 1204 4042 1.
1229 3989 1292 4042 Jan.

158 4065 225 4114 1514
243 4061 323 4114 kiiudi
353 4077 367 4113 o
387 4060 582 4127 Aestieampiun
601 4061 652 4112 don
670 4060 776 4112 Besuoh
787 4059 938 4112 dcsSoliius
952 4075 985 4111 on
998 4058 1106 4127 (Auctio.
1126 4074 1159 4111 au
1176 4056 1292 4122 Mutiau,

156 4131 182 4183 in
201 4131 303 4183 Carnor.
334 4129 413 4182 ibell.
434 4128 477 4180 alt.
496 4129 512 4181 J
530 4129 593 4196 8b),
603 4129 658 4181 und
678 4144 722 4183 am
740 4131 764 4181 4.
784 4132 850 4195 Aug.
864 4129 930 4180 1514
941 4128 1058 4180 schreibt
1066 4127 1129 4180 Eob.
1140 4125 1218 4188 Hess,
1229 4126 1294 4179 dass

156 4199 250 4252 Sobius
264 4200 340 4250 eiuou
354 4198 427 4250 Bn'el
442 4196 558 4249 llutians
571 4198 638 4250 nach
653 4197 761 4264 Leipzig
776 4197 935 4248 iiberbruclrt
956 4196 1056 4263 (liuban
1073 4210 1105 4247 ou
1121 4194 1233 4259 Mutiau,
1246 4193 1293 4249 Br.

156 4267 226 4336 532).
262 4266 726 4333 lErasmusnurdeofttotgcsogt.
755 4266 813 4331 Vgl.
828 4264 1045 4333 MutKlageBr.
1064 4264 1121 4316 323.
1159 4261 1294 4329 'Wegou

157 4335 203 4388 des
221 4335 423 4402 emplahleudeu
441 4333 590 4401 Gedichtes,
610 4335 656 4386 das
675 4350 704 4385 or
721 4334 767 4385 dor
785 4333 884 4386 Schritt
902 4333 1014 4385 Arnolds
1032 4350 1057 4384 v.
1077 4333 1196 4397 Tungsm
1208 4346 1292 4398 gagen

156 4403 285 4456 Reuchliu
314 4403 471 4471 beigegeben
498 4403 578 4455 hatto.
615 4402 746 4468 (Jleigcr,
769 4402 799 4456 ll.
824 4402 849 4455 S.
875 4401 922 4454 361
952 4403 977 4454 ff.
1015 4401 1072 4469 vgl.
1099 4399 1124 4452 S.
1145 4400 1192 4451 3:31
1216 4403 1247 4451 Α.
1266 4400 1293 4454 9,

156 4463 229 4524 liber
247 4472 380 4524 llermaun
399 4470 503 4523 anch:
530 4471 686 4533 Liessom,
705 4469 744 4522 Do
765 4469 796 4524 H.
816 4469 926 4523 Busclrii
945 4471 1003 4522 ritu
1021 4473 1048 4521 ct
1065 4468 1178 4535 scriptis.
1207 4466 1292 4520 Boon.

159 4539 232 4594 1866.
269 4540 428 4607 Bdckiug,
457 4537 521 4606 Opp.
550 4539 624 4591 llutt.
652 4537 743 4606 Suppl.
763 4538 797 4603 ll,
817 4538 944 4592 330-33.
1016 4537 1179 4590 ⁸llormauu
1207 4535 1294 4589 css-

156 4608 232 4660 wick.
269 4608 304 4661 Er
331 4608 420 4659 wurde
448 4622 490 4659 our
517 4610 557 4660 14.
584 4608 645 4661 lloz.
673 4607 742 4659 1512
760 4607 799 4658 als
816 4607 913 4658 Ketzcr
939 4606 1041 4658 orklr'irt.
1078 4605 1201 4668 Kraflt,
1258 4605 1293 4656 it·

157 4675 289 4744 teilungou
308 4675 333 4728 S.
352 4675 410 4729 230.
