2774 4966
565 544 669 598 Mutina
688 559 722 595 an
741 542 841 599 Urban.
1218 547 1260 612 55

138 717 250 782 famula
285 723 445 801 suspecta,
476 722 507 780 et
538 718 705 799 poenituit,
739 719 823 799 quod
851 725 883 781 ta
911 715 997 781 abire
1031 714 1144 800 passus
1178 741 1261 796 snm3

138 805 244 868 fuisset
274 804 465 868 amicitiae⁸
495 804 540 866 uti
572 803 653 867 lecto
677 809 795 868 nostro.
843 802 924 867 Cura
947 810 984 867 ut
1007 804 1112 867 valeas
1135 809 1166 867 et
1189 828 1260 867 san-

139 891 257 972 guinem
294 891 413 964 mittas,
448 889 501 952 sed
538 891 668 952 modice.
716 889 829 953 Anima
860 896 907 953 est
938 893 968 953 in
1001 892 1165 972 sanguiue,
1199 912 1262 973 quo

139 977 273 1040 detracto
307 977 438 1058 spiritns
469 998 531 1038 una
563 977 724 1039 minuitur.
772 977 843 1040 ldeo
868 977 1002 1040 minutio
1037 977 1131 1052 dicta,
1166 998 1260 1058 quam

141 1063 293 1127 Ausonius
323 1064 440 1145 accipit
464 1083 518 1143 pro
543 1063 627 1126 coitu
662 1085 800 1125 venereo
849 1063 927 1126 Ama
962 1062 1171 1143 Spalatinnm,
1206 1063 1261 1145 qni

142 1155 167 1211 te
196 1149 271 1213 colit
295 1156 331 1212 ut
354 1155 533 1232 patronum.
579 1148 644 1212 Nos
675 1149 803 1213 honoris
826 1150 873 1212 tui
896 1171 1018 1231 semper
1047 1149 1163 1212 erimus
1193 1154 1261 1211 stu·

143 1235 212 1298 diosi
237 1240 268 1298 et
292 1258 456 1316 speramus
473 1256 534 1298 non
553 1234 598 1298 ita
616 1236 762 1299 vecordes
778 1235 843 1299 fore
861 1235 1022 1308 barbaros,
1048 1240 1083 1298 ut
1099 1235 1261 1300 Urbanum

143 1323 248 1386 merito
273 1324 412 1404 praemio
436 1321 591 1403 laudeque
615 1321 784 1385 fraudent'
831 1322 879 1385 Ex
902 1321 1034 1386 aedibus
1058 1322 1182 1386 nostris.

295 1423 356 1476 t'od.
375 1422 440 1476 Frcf.
459 1422 499 1476 26.

150 1610 254 1680 (butha.)
674 1597 724 1659 bl.
1077 1611 1144 1680 (lan.
1166 1613 1263 1681 lollii.)¹

514 1723 655 1819 lintion
679 1743 726 1793 an
751 1723 888 1794 Urban.

151 1850 282 1906 fll'r'r'rrscfr!
299 1853 359 1904 drei
375 1852 478 1905 Biia-lua·
495 1871 546 1905 aas
563 1854 608 1905 dcr
626 1853 871 1913 Kloslcrbr'blr‘olbel,
894 1853 971 1905 sorru'r
991 1854 1120 1921 rutiliano
1137 1871 1189 1905 arar
1207 1853 1263 1905 Aa·

151 1920 198 1992 lupe
215 1940 261 1975 rcu-
282 1921 399 1974 Gabliscle
418 1921 458 1975 'im
480 1923 586 1976 Gurtcn.
607 1924 698 2046 13ἇᾶἱὶ
698 1923 868 2054 'iiiitfium
905 1922 987 1990 Klupc
1012 1923 1076 1975 ic'bcr
1099 1923 1264 1977 L'n-nollsassn

186 2103 303 2165 optimo
321 2105 406 2165 patri
423 2106 464 2155 Η.
484 2105 611 2157 Urbano
630 2119 796 2157 oeconomo
815 2107 939 2168 egregia
956 2106 1027 2165 fide,
1046 2105 1220 2156 eruditione

527 2193 679 2254 singulari
696 2193 741 2244 Μ.
758 2192 869 2244 Rufus.

236 2301 267 2366 S.
326 2302 442 2383 Equini
477 2307 597 2386 pecoris
630 2327 814 2387 generosum
850 2305 970 2388 pullum
1006 2303 1119 2368 coloris
1153 2304 1263 2368 Veneti

149 2387 246 2451 emisse
260 2399 292 2451 te
310 2392 385 2452 scio.
426 2391 598 2454 Successus
615 2414 779 2475 prosperos
796 2389 931 2455 ominor³
956 2396 987 2454 et
1010 2392 1093 2454 dico:
1118 2391 1263 2454 feliciter!

149 2470 219 2536 liene
248 2478 410 2551 convenit,
433 2484 469 2541 ut
492 2485 602 2541 auctor
638 2501 830 2542 summarum
856 2480 886 2542 in
912 2479 1047 2542 saltibus
1077 2477 1264 2559 Georgianis

148 2558 289 2626 formosos
319 2585 418 2645 equos
448 2564 521 2627 alat.
568 2567 646 2641 Quis
669 2568 750 2628 enim
783 2566 904 2629 nesciat
935 2564 1097 2628 Urbanum
1121 2587 1189 2628 esse
1212 2586 1264 2628 co-

147 2647 217 2727 piosi
253 2656 352 2731 atque
390 2650 557 2734 locupletis
595 2652 737 2715 coenobii
778 2651 994 2716 beatissimum
1033 2652 1265 2715 oeconomum‘.>

148 2729 386 2801 Commendatur
410 2737 440 2800 in
466 2759 547 2818 equo
570 2739 702 2820 legendo
727 2747 822 2820 caput
845 2743 1003 2820 argutum,
1026 2738 1124 2801 ardua
1147 2737 1263 2810 cervix,

147 2818 238 2886 brevis
255 2823 356 2900 alvus,
374 2823 470 2887 obesa
486 2831 584 2906 terga,
601 2826 777 2888 animosum
796 2823 930 2907 pectus‘
965 2823 1026 2888 Sed
1043 2825 1216 2906 „animos“‚
1230 2831 1265 2886 ut

106 2910 116 2927 '
144 2906 241 2991 inquit
262 2909 353 2974 Maro
377 2917 483 2975 noster
511 2911 592 2974 libro
614 2911 665 2974 lll.
691 2912 879 2993 Georgicon,
913 2933 1108 2994 „aerumque
1138 2910 1265 2974 notabis

143 2991 351 3080 Praecipue.“⁵
397 2997 582 3080 Spalatinus
604 3004 708 3062 tecum
732 3004 805 3080 aget
828 2999 906 3062 meis
930 2998 1033 3061 verbis
1052 3020 1146 3080 super
1162 2998 1265 3061 tribus

142 3082 298 3147 codicibus
334 3085 371 3147 de
405 3085 600 3149 bibliotheca
638 3086 811 3149 coenobiali
849 3085 1039 3168 promendis.
1098 3084 1131 3148 Si
1168 3083 1265 3148 habes

140 3169 281 3233 salictum
319 3170 481 3249 caedunm,
517 3179 589 3254 peto
624 3173 764 3236 stolones
797 3172 929 3253 aliquot,
962 3185 997 3234 ut
1032 3171 1142 3235 hortus
1178 3194 1265 3234 meus

140 3254 367 3320 fructiferarum
392 3261 539 3320 arborum
564 3260 668 3322 minus
691 3259 777 3322 ferax
801 3261 911 3322 saltem
936 3258 1121 3322 umbraculo
1141 3258 1264 3338 saligno

139 3341 189 3406 fiat
220 3345 393 3406 amoenior.
440 3344 537 3407 Dabis
569 3345 652 3408 bunc
686 3368 813 3408 aureum
850 3367 1011 3408 nummum
1047 3344 1167 3407 vicanis
1201 3343 1265 3406 tuis

138 3429 259 3501 vetulis,
285 3435 321 3493 nt
345 3430 490 3512 butyrum
515 3432 656 3494 reddant.
706 3431 833 3494 Pondus
861 3432 1035 3512 legitimum
1067 3453 1129 3493 non
1158 3430 1263 3493 habet.

136 3515 182 3579 Dii
208 3515 344 3596 perdant
366 3517 433 3578 anri
459 3517 613 3580 rasoresl⁶
659 3517 736 3580 Nam
770 3518 928 3581 debitores
953 3517 1012 3580 mci
1040 3518 1117 3579 talia
1148 3517 1264 3579 nomis-

137 3609 220 3664 mata
255 3603 444 3682 praebentes
477 3604 696 3679 adnumerant,
736 3626 797 3666 non
833 3605 994 3687 pensitant
1031 3603 1117 3680 mihi,
1151 3608 1182 3666 et
1205 3626 1263 3686 ego

136 3689 331 3770 scripulatim
357 3690 538 3752 examinare
561 3696 592 3754 et
614 3691 863 3771 acl-sanguinem
888 3712 988 3771 nsque
1012 3711 1179 3772 seiungere
1202 3712 1262 3752 non

135 3775 229 3838 soleo.
262 3774 343 3839 lllud
358 3776 540 3856 pestiferum
554 3777 666 3852 oleum,
681 3798 743 3859 quo
756 3777 967 3859 superstitiosi
978 3788 991 3815 ἢ
1013 3781 1155 3850 utuntur,
1168 3776 1265 3839 laedit

134 3868 256 3943 guttur,
281 3862 490 3940 stomachum,
526 3863 696 3940 thoracem,
730 3864 864 3927 vesicam
889 3868 921 3944 et
944 3863 1115 3944 corrumpit
1150 3885 1266 3927 memo-

135 3949 222 4019 riam,
255 3949 417 4030 ingenium
443 3955 475 4012 et
498 3951 591 4012 vitiat
619 3951 794 4013 doctrinam
826 3950 1029 4012 eruditorum.
1076 3949 1157 4013 Huic
1185 3949 1265 4012 adde

132 4034 238 4116 jurgia
262 4056 381 4105 eorum,
405 4037 458 4116 qui
484 4037 586 4098 miuus
610 4037 780 4100 liberaliter
797 4036 936 4099 instituti
963 4057 1020 4098 nos
1045 4037 1265 4119 insequuntur,

133 4120 292 4184 dictiones
325 4122 440 4185 nitidas
464 4129 495 4184 et
518 4130 632 4186 tersum
668 4124 856 4185 latinitatem
882 4129 914 4185 et
944 4123 1063 4203 priscos
1097 4125 1266 4205 scriptores

134 4211 166 4270 et
193 4208 278 4289 juris
312 4209 564 4271 consultissimus
595 4218 625 4270 er
657 4210 887 4272 eruditissimos
921 4209 1117 4290 antiquarios
1153 4209 1267 4290 injuria

204 4399 365 4516 lbblicintiir
385 4461 427 4515 Br.
451 4465 576 4514 arilei-vt
594 4464 626 4516 ll.
646 4482 725 4528 graium
752 4463 792 4514 die
818 4463 913 4514 Naides·
938 4463 973 4513 im
1002 4462 1109 4514 liloster.
1181 4462 1264 4513 '²Zeit

136 4533 204 4587 nach
224 4533 270 4586 Nr.
289 4534 330 4587 53.
385 4532 465 4584 5¹Flu·
483 4534 529 4585 das
550 4533 749 4585 l'enetianisslio
768 4533 898 4584 fleseluift.
933 4532 958 4582 S.
978 4532 1010 4582 ‘ll
1031 4535 1060 4583 A.
1080 4534 1102 4584 :l
1162 4531 1265 4597 worp.

135 4602 230 4672 θοοῖς.
249 4601 297 4670 III,
315 4601 426 4656 79-81.
498 4605 508 4634 l
524 4602 573 4662 111,
593 4606 650 4655 lou.
721 4603 731 4632 '³
749 4601 797 4653 llio
816 4601 914 4668 liippcr·
933 4602 985 4652 und
1007 4600 1119 4667 ll'ippor·.
