2774 4966
556 613 662 681 Mation
679 642 713 679 an
736 606 833 680 Uiben.
1215 612 1254 693 15

666 799 713 864 13.
1017 814 1147 883 (Saminer
1166 814 1255 884 1505.)

503 926 647 996 Mutien
669 947 718 996 en
740 924 878 995 Uiben.

415 1054 566 1122 (Spoletina
584 1054 720 1122 Berufuw
738 1053 807 1106 aeccle
825 1053 969 1119 Zwielccu.)

310 1167 489 1217 Amicorum
506 1170 675 1229 praecipuo
693 1169 733 1219 Η.
753 1169 880 1219 Urbano
898 1169 941 1220 Μ.
960 1166 1070 1217 Rufino.

233 1278 348 1342 Salvus
371 1280 423 1342 sis.
470 1279 571 1342 Hodie
599 1282 628 1344 in
655 1281 783 1361 liturgia
806 1280 913 1362 (vulgo
930 1281 1026 1343 missa
1041 1278 1168 1357 dicitur)
1185 1278 1254 1340 red-

124 1364 195 1427 dita
217 1365 296 1428 mihi
320 1365 381 1428 fuit
403 1366 480 1428 haec
503 1364 660 1448 Spalalini
682 1369 794 1447 gratia.
839 1366 1004 1448 Intelligis,
1026 1386 1088 1447 quo
1106 1366 1136 1426 in
1156 1363 1252 1427 dubio

126 1457 271 1513 versetur
301 1451 403 1515 bonus
429 1453 565 1533 juvenis
612 1453 735 1516 Mallem
769 1453 852 1534 apud
882 1475 937 1515 vos
966 1459 1050 1515 esset
1077 1472 1171 1532 qnam
1195 1455 1253 1513 aut

126 1535 339 1600 szickaviae
362 1543 419 1600 aut
440 1538 522 1621 apud
548 1540 704 1621 principes
728 1541 839 1602 scriba.
886 1537 933 1601 Tu
957 1541 1081 1620 quaeso
1094 1537 1196 1601 scribe
1212 1535 1251 1599 ad

125 1644 210 1695 eum,
243 1623 320 1703 quid
350 1624 470 1687 sentiat
500 1624 584 1688 abba
615 1631 729 1688 noster.
774 1625 851 1687 item
884 1647 968 1687 meas
1000 1624 1057 1686 lias
1089 1645 1159 1686 cum
1189 1623 1254 1685 tuis

125 1709 230 1770 literis
261 1711 451 1772 transmitte.
498 1708 565 1791 Ego
588 1733 656 1773 sum
681 1711 726 1774 illi
749 1712 839 1792 quasi
871 1716 959 1793 paler
992 1715 1118 1791 propter
1147 1708 1253 1772 studia

125 1796 319 1868 communia,
343 1796 374 1857 in
400 1795 515 1876 quibus
539 1798 673 1859 excellit.
720 1796 767 1859 Ne
789 1798 847 1859 sim
873 1798 1004 1877 longior.
1023 1796 1091 1859 vale
1107 1802 1138 1857 el
1154 1794 1249 1858 salve,

128 1879 267 1948 [libane.
298 1887 365 1944 tam
399 1882 576 1945 urbicorum
608 1905 703 1964 quarn
734 1884 915 1946 vicenorum
950 1883 1160 1962 integerrime.
1206 1879 1253 1943 Ex

126 1966 244 2029 Gotna.

285 2066 346 2120 Coc.
366 2066 431 2120 Fici.
450 2069 491 2122 77.

128 2253 244 2322 (Gothi)
667 2242 714 2305 14.
1151 2258 1249 2327 (1505.)

504 2366 648 2437 Mutina
671 2389 719 2438 an
741 2367 879 2438 Uiben.

132 2493 247 2556 (Mation
265 2495 321 2547 will
337 2495 409 2547 seiae
425 2495 554 2548 parovio
575 2496 722 2550 Ostlrciisen
736 2514 814 2564 peperi
831 2497 888 2549 ciria
905 2496 1051 2564 beqiwmre
1069 2496 1188 2562 Ρίνίὶηιίε
1199 2498 1251 2550 nait

419 2564 478 2617 ilem
496 2565 654 2632 Pfrr'i'nduer
674 2567 802 2619 Panchaeis
820 2565 962 2625 lancelini.)

333 2679 467 2729 Domino
486 2679 623 2740 Urbano,
641 2680 708 2730 viro
727 2681 852 2741 optimo,
875 2680 919 2730 Μ.
936 2678 1047 2730 Rustic.

232 2787 338 2867 Salve,
363 2790 443 2854 bone
461 2792 506 2854 vir
523 2790 658 2868 Urbane,
684 2793 808 2856 domine
832 2797 947 2856 noster.
987 2790 1059 2855 Scio
1076 2795 1108 2854 et
1124 2795 1155 2855 te
1171 2793 1251 2856 scire

141 2896 195 2938 non
219 2878 339 2958 ignom,
364 2877 438 2958 qnid
463 2878 570 2941 dicant
601 2879 744 2942 homines
767 2878 805 2942 de
827 2887 883 2942 tua
907 2884 938 2941 et
961 2879 1059 2960 patris
1090 2900 1163 2960 erga
1194 2899 1252 2941 nos

144 2961 352 3026 beneficentia.
398 2962 607 3045 Pervulgalur
631 2966 712 3028 enim
739 2971 841 3028 restra
871 2965 971 3045 glorie
1002 2971 1128 3045 propter
1151 2987 1199 3027 me
1223 2972 1254 3028 et

145 3044 334 3126 Spalatinuni
359 3048 455 3127 (absit
477 3050 673 3130 jactantial⁰
696 3057 727 3112 et
752 3072 842 3113 nemo
866 3057 923 3127 est,
947 3052 1000 3132 qni
1026 3058 1129 3114 vestra
1146 3052 1177 3113 in
1195 3072 1252 3114 nos

147 3131 288 3198 beneficia
311 3158 373 3198 non
400 3137 567 3217 praedii-el.
613 3136 705 3200 Nosti
721 3143 837 3213 autem,
861 3159 954 3218 quarn
978 3158 1072 3217 grave
1095 3139 1136 3200 sil
1159 3157 1249 3210 onus.

148 3218 203 3281 sive
224 3221 328 3285 divina
351 3222 419 3285 sive
442 3222 579 3285 humana
603 3225 790 3301 consideres,
819 3246 893 3286 cura
922 3223 1096 3304 pastoralis.
1142 3224 1253 3303 Itaque

150 3311 256 3371 nutare
278 3330 346 3370 eam
371 3330 440 3370 curn
467 3309 611 3371 liberiore
634 3310 768 3390 quodam
800 3309 975 3373 sacerdotio
1006 3309 1170 3372 consilium
1195 3318 1252 3385 est,

152 3391 228 3455 nodo
250 3401 282 3455 tn
308 3392 423 3457 faveas,
471 3393 553 3458 Malo
577 3397 659 3458 enim
692 3396 824 3458 residere
855 3397 989 3458 vicarius
1019 3416 1112 3475 quarn
1142 3418 1250 3458 servos

153 3477 239 3542 attolli
259 3502 328 3543 cum
355 3479 503 3562 pericula,
527 3490 557 3542 et·
581 3503 738 3563 paganum
763 3482 907 3544 habitum
940 3482 1078 3556 militari,
1107 3483 1252 3563 depressa

154 3565 273 3643 excelsis,
304 3572 376 3629 tuta
409 3568 530 3647 magnis
562 3576 730 3649 antepono.
776 3567 879 3630 Habet
913 3568 1050 3630 calvusb
1084 3569 1252 3649 parasitus

156 3647 247 3713 linbilis
272 3651 324 3715 ille.
352 3661 531 3714 assentator
563 3653 788 3716 l'anibacliius'
824 3654 1010 3716 beneficium
1039 3653 1148 3717 Golas.
1195 3655 1251 3716 Dic

156 3739 334 3814 elscrntare,
358 3761 398 3801 an
423 3740 524 3820 possit
552 3740 631 3802 duas
661 3741 820 3823 possidere
851 3740 1015 3822 parochias
1044 3764 1083 3803 an
1116 3740 1250 3803 amicum

158 3815 257 3897 lrabeat,
286 3827 334 3888 cui
360 3825 474 3888 faveat.
520 3823 600 3888 Nam
632 3826 791 3890 Ostliusen
828 3825 966 3888 mutabo.
1014 3824 1124 3889 Cetera
1158 3828 1252 3900 nosti,

160 3900 229 3970 hono
248 3913 385 3975 omnium
410 3912 645 3975 solertissimus.
694 3912 766 3974 Vale
791 3914 820 3973 in
846 3913 975 3974 reducta
998 3912 1088 3989 valle,
1122 3920 1252 3994 patrone

160 3985 291 4059 bononnn
337 3997 418 4061 Huic
443 4000 570 4077 negotio
592 3999 685 4061 iidem
703 4005 734 4061 et.
750 3998 940 4061 celeritatem
958 3997 1083 4076 adhibe,
1108 4006 1144 4061 nt
1166 3999 1253 4062 brevi

159 4081 246 4144 certior
265 4085 347 4146 liam.
394 4083 439 4146 De
461 4086 555 4147 domo
579 4082 645 4147 illa²
671 4106 731 4147 non
756 4085 834 4147 adeo
858 4092 894 4146 nt
918 4106 1073 4166 properes,
1094 4085 1199 4166 jubeo

285 4183 347 4238 Coc.
366 4184 432 4238 Frcl.
451 4186 474 4237 6.

159 4296 332 4317 Ὢ.

206 4378 367 4508 :speutnaffi
385 4373 611 4511 siginillcihusl<ili.e
623 4374 743 4521 gillier,
763 4441 888 4519 plebanus
907 4457 940 4494 an
958 4443 1005 4494 dor
1023 4443 1119 4496 Kircho
1138 4443 1162 4496 S.
1181 4443 1251 4496 Mar-

156 4511 236 4565 neae
251 4514 276 4566 in
296 4512 383 4566 Gotha
400 4527 421 4567 s.
441 4513 514 4567 1507.
552 4510 881 4588 Sagittariuspflistor.
902 4511 977 4564 Goth.
998 4513 1037 4564 ed.
1056 4512 1251 4573 'senzellennc

157 4572 211 4641 llll),
226 4597 248 4649 p.
266 4580 323 4635 229.
378 4585 389 4614 ²
406 4581 506 4635 Muciae
527 4582 617 4635 besass
635 4597 725 4634 ausser·
742 4595 828 4632 seiner·
845 4579 926 4632 Beata
937 4579 1120 4648 Tranquillitas
1129 4581 1155 4633 in
1168 4581 1252 4633 Gotha

153 4645 203 4699 meh
216 4650 257 4704 cin
272 4652 381 4704 anderes
398 4649 474 4704 Hans
491 4651 518 4703 in
537 4652 584 4704 dor
610 4651 706 4703 »lairen
722 4650 832 4702 Gaesao«
849 4649 876 4700 in
894 4648 989 4716 Erlurt⁷
1003 4650 1049 4703 das
1062 4651 1256 4706 eriennietele
