2774 4966
467 124 473 144 t

599 392 606 407 ι

114 652 212 719 ⁷610
316 634 320 646 ⁴
371 642 525 707 Zerstreute
543 649 631 706 Briete
649 666 698 706 aus
716 650 923 707 verechtedenen
940 647 1041 707 Zeiten.

149 823 258 886 formis
282 821 519 905 propagandam
543 838 628 900 cara,
652 821 701 885 vel
728 821 793 885 tuis
809 818 931 901 saltem,
944 819 1082 902 ¹quorum
1101 821 1134 885 in
1150 843 1283 888 numero

149 928 230 985 aum,
256 907 463 989 spectandam
487 906 612 969 exhibe.
657 906 759 969 Nosse
774 907 877 988 cupio,
894 905 984 987 cujus
1000 907 1043 970 sit
1057 906 1112 971 illa
1128 906 1282 983 Quaestio

148 994 218 1056 sine
256 992 400 1057 authoris
437 992 524 1055 edita
562 991 699 1067 nomine,
738 996 787 1054 tot
824 992 949 1056 coronis
992 993 1084 1074 quasi
1126 995 1281 1057 aumariis

150 1077 341 1160 quibusdam
366 1076 557 1140 5551155515.Ι
606 1076 672 1157 Ego
696 1097 759 1139 non
775 1075 911 1139 libenter
928 1077 960 1140 in
977 1077 1070 1140 istam
1088 1077 1281 1158 palaestram

149 1163 307 1226 descendo
331 1162 469 1226 invidiae
493 1165 651 1239 metuens;
674 1162 701 1223 si
723 1166 830 1224 tamen
854 1166 903 1224 est
926 1165 992 1237 tna,
1015 1160 1140 1225 audebo
1162 1164 1282 1226 amoris

150 1268 224 1329 ergo
258 1248 429 1330 disputare.
474 1245 614 1309 Tametsi
648 1267 697 1308 me
730 1247 804 1308 novi
833 1249 866 1308 et
893 1245 1028 1309 arduum
1062 1245 1219 1311 habeatur
1247 1250 1281 1311 in

150 1337 257 1396 vestra
280 1332 461 1397 sedentaria
484 1331 721 1395 conflictatione
743 1329 860 1393 audere
880 1329 1030 1412 profiteri,
1046 1331 1131 1412 quod
1147 1333 1281 1396 sentias.

151 1417 285 1481 Ridetur
321 1418 354 1480 in
393 1417 497 1479 aliena
533 1414 692 1497 gladiator
728 1415 855 1478 harena.
911 1415 1024 1479 Verum
1057 1417 1152 1479 amici
1184 1438 1283 1484 causa

150 1502 230 1567 libet
252 1503 398 1585 ineptire.
444 1499 531 1576 Quae
547 1501 648 1581 magis
664 1505 740 1562 aunt
756 1500 883 1582 propria
904 1503 1023 1564 nostris
1045 1501 1176 1582 optatis,
1198 1503 1282 1566 scito

150 1588 316 1651 Erasmum
340 1586 483 1650 Basileae
507 1584 689 1665 Hieronymi
712 1606 808 1667 opera
831 1586 999 1667 praeclaris
1015 1587 1282 1650 annotationibus

150 1669 352 1743 illustrasse‚²
376 1672 504 1734 auxisse
528 1667 725 1743 Proverbia,³
748 1669 898 1733 dilatasse
922 1668 1063 1734 Moriam.
1108 1671 1187 1734 Item
1216 1672 1282 1736 Ga·

149 1756 258 1820 lathus
296 1755 431 1820 Calaber
464 1757 590 1838 scripsit
624 1755 744 1818 Romae
777 1753 992 1818 defensionem
1026 1775 1082 1835 pro
1117 1754 1283 1838 Capnione

150 1841 287 1906 nostru‘
330 1842 487 1922 Repertus
509 1847 559 1902 est
581 1841 704 1919 integer
727 1846 759 1903 et
783 1839 971 1920 exprimitur
1000 1844 1130 1921 sumptu
1159 1847 1192 1905 et
1221 1843 1282 1905 im-

150 1928 259 2009 pensis
275 1948 375 2010 papae
392 1924 558 1990 Cornelius
574 1922 730 1988 Tacitus!
776 1923 886 1986 Habeo
902 1925 1008 1990 adhuc
1023 1925 1113 2006 plura
1128 1926 1281 1990 similium

149 2012 334 2075 deliciarum
358 2011 429 2086 tibi,
452 2016 626 2092 antequam
650 2030 722 2072 oum
746 2008 1000 2090 manipularibus
1032 2011 1098 2074 tuis
1125 2010 1283 2091 discedas,

151 2096 379 2179 patefacienda.
425 2095 508 2160 Vale.

1002 2179 1177 2244 Matienus.

303 2277 367 2332 Coll.
387 2279 487 2333 Camsr.
505 2276 607 2331 Monac.
626 2275 700 2344 VIII,
719 2275 760 2330 23.
780 2277 940 2345 autograph.

153 2482 269 2551 (uotae.)
679 2467 751 2529 544.
974 2482 1032 2546 (vor
1050 2481 1091 2534 aa.
1110 2481 1173 2536 nez.
1194 2484 1282 2549 isio.)

536 2590 680 2660 Mutiun
703 2610 751 2659 an
774 2589 892 2676 Lang.

149 2718 262 2786 (dluede
279 2718 345 2772 dher
364 2717 453 2786 Lunps
477 2718 563 2771 reicbe
587 2717 733 2771 Bibliothelr
759 2717 809 2770 mit
835 2717 893 2770 dem
920 2717 1108 2784 Habronymua.
1144 2717 1284 2785 1515159555

338 2815 342 2823 ·
370 2787 414 2839 dea
432 2787 556 2839 Alcaeus
573 2787 630 2839 tend
647 2785 717 2838 Bitu
733 2803 782 2838 une
799 2787 844 2838 ein
860 2802 940 2837 umes
962 2785 1055 2852 Bucb.)

174 2900 288 2950 sancto
306 2900 391 2960 patri
410 2900 492 2951 Jano
509 2899 640 2960 Lanssho
658 2900 755 2959 priori
772 2899 962 2957 Eremttano,
981 2899 1049 2948 viro
1067 2897 1255 2958 doctissime,

611 2985 710 3035 amieo
733 2982 819 3034 11115.ο

255 3094 351 3158 Pater
374 3108 494 3172 sancte,
518 3095 625 3159 salvus
648 3095 702 3158 sis.
748 3092 887 3176 Surrigit
910 3095 978 3174 ipsa
1001 3115 1080 3170 sese,
1104 3094 1152 3157 uti
1174 3093 1283 3174 accepi

150 3177 306 3243 referente
336 3178 456 3242 Μεηίο7
489 3185 522 3243 et
552 3179 651 3261 probo
675 3185 708 3244 et
730 3179 834 3255 docto,
866 3180 1035 3260 parietaria
1065 3176 1204 3241 cubiculi
1234 3179 1283 3240 bi-

151 3264 315 3329 bliotheca
338 3270 369 3329 et
392 3266 437 3328 ita
465 3265 610 3328 sublimis
634 3270 775 3347 apparet,
799 3269 835 3327 ut
858 3270 975 3327 tectum
1009 3260 1200 3344 contingat.⁸
1244 3261 1282 3324 ln

151 3371 189 3413 ea
211 3351 357 3413 sexcenti
380 3349 555 3426 Graeculi,⁹
578 3350 649 3412 hem
673 3349 820 3413 Graeculi
850 3350 1022 3424 dormiunt,
1054 3349 1116 3411 iuro
1146 3347 1285 3428 vigilant

154 3439 249 3517 teque
272 3457 329 3499 suo
354 3456 439 3498 more
462 3436 628 3517 garriendo
662 3435 810 3516 fatigant.
857 3434 999 3496 Accessit·
1031 3433 1094 3495 illis
1127 3432 1284 3496 mirabilis

151 3527 242 3601 pater
282 3525 371 3584 totus
398 3542 526 3584 severus
554 3526 585 3584 et
613 3541 705 3603 asper
733 3521 765 3582 in
798 3520 888 3596 vicia,
916 3518 971 3582 sed
1004 3523 1115 3581 contra
1143 3517 1284 3581 blandus

226 3739 234 3770 ¹
253 3737 355 3791 Gewiss
373 3735 487 3789 Luthers
505 3735 607 3789 Theson
625 3736 667 3788 bei
686 3736 732 3788 der
744 3734 894 3789 Promotion
907 3733 1024 3788 Barthol.
1036 3733 1197 3799 Feldhircha,
1210 3731 1283 3800 Sept.

153 3807 228 3871 1516,
247 3804 349 3858 welche
367 3805 492 3857 Amsdort
507 3805 645 3871 »praecisis
661 3803 759 3856 titulis«
783 3804 850 3856 nach
872 3803 961 3856 Erfurt
984 3803 1095 3870 gesandt
1117 3801 1168 3870 (Ile
1191 3801 1284 3854 Wetta

150 3874 249 3942 1,3n):
277 3873 402 3938 Quaestio
427 3873 459 3925 de
483 3873 585 3925 viribus
608 3879 635 3925 et
653 3872 787 3924 voluntate
815 3872 929 3923 hominis
955 3871 1012 3922 sina
1039 3869 1123 3938 gratia
1148 3869 1285 3937 disputata

151 3946 227 3997 lbltl.
263 3941 404 4003 Knaake,
422 3940 536 3992 Luthors
554 3941 651 3993 Warke
670 3940 690 4005 I,
711 3940 793 3992 1421.
830 3938 1149 3992 Mutianhattetiirdiese
1168 3938 1283 4005 theolog.

153 4010 252 4090 Fragen
272 4011 333 4062 kain
351 4008 533 4070 Veisttindnis,
552 4025 581 4061 so
600 4010 685 4075 wenig
703 4008 753 4060 wia
771 4007 903 4061 Erasnius
959 4009 968 4039 ¹
987 4007 1036 4058 Dio
1054 4011 1141 4058 ersten
1159 4008 1175 4057 3
1193 4004 1284 4058 Bantia

151 4079 230 4132 Basil.
252 4080 327 4134 15111.
346 4078 388 4130 dic
408 4077 517 4143 iibrigen
536 4077 588 4145 (bis
605 4077 657 4144 IX)
676 4076 716 4128 bis
737 4076 812 4129 1518.
847 4076 920 4143 Laug
944 4075 1039 4126 besitzt
1062 4075 1109 4127 das
1133 4073 1214 4125 Werk
1239 4090 1284 4128 arn

153 4149 175 4202 l.
194 4148 256 4199 Dez.
286 4147 360 4198 1516.
397 4145 455 4212 l'gl.
476 4144 517 4198 Br.
538 4146 596 4198 624.
669 4145 744 4196 ’1115
771 4144 921 4196 rerrnehrto
948 4147 1027 4211 anag.
1054 4142 1175 4194 erachien
1203 4141 1284 4196 Basil.

153 4218 227 4269 1515.
267 4214 324 4266 Von
342 4215 401 4266 deni
422 4213 508 4280 gleioh
527 4214 678 4265 erwahnton
702 4212 856 4264 Enconiiuui
882 4211 979 4263 Mariae
1004 4211 1157 4263 emchianen
1175 4227 1196 4263 s,
1218 4213 1285 4263 1512

152 4283 302 4336 zablroiche
321 4299 388 4333 neuc
408 4281 555 4347 Ausgaben.
591 4281 657 4332 Hier
675 4281 709 4331 ist
727 4281 769 4332 dio
787 4281 946 4332 vermehrte.
966 4280 1014 4330 ruit
1032 4279 1200 4331 Commentar
1226 4295 1285 4331 vei·-

151 4351 249 4403 sehene
270 4359 349 4416 Ausg.
371 4351 436 4402 1515
452 4350 574 4415 gemeint.
646 4350 656 4379 ⁴
674 4340 745 4400 Ilber
774 4347 892 4399 Galatiae
911 4348 992 4400 Werk
1010 4347 1049 4399 De
1067 4347 1170 4399 meanis
1192 4348 1285 4399 catho-

151 4419 218 4473 licae
246 4419 364 4471 veritatis
391 4417 442 4485 agl.
462 4416 504 4470 Br.
523 4416 581 4469 621.
654 4416 731 4468 “llio
756 4418 846 4481 Ansg,
867 4421 954 4468 zuerst
971 4417 1046 4467 dieb
1063 4421 1151 4467 ersten
1177 4414 1286 4467 Biichcr

154 4489 200 4540 der
220 4487 342 4556 ,Annalen
371 4485 531 4547 euthaltend,
559 4484 680 4536 erschien
699 4485 764 4537 Rom
786 4486 851 4536 1515
870 4484 954 4536 durch
973 4483 1042 4536 Phil.
1061 4481 1214 4536 Beroaldus.

180 4558 326 4612 tnussam
346 4556 470 4610 adressa.
525 4552 579 4609 IS.
596 4552 648 4607 480
667 4557 697 4607 5.
716 4556 740 4605 l.
795 4552 881 4620 ⁸Vgl.
901 4552 927 4605 S.
946 4553 997 4607 605
1015 4557 1045 4605 A.
1065 4554 1088 4605 7.
1142 4549 1284 4618 ⁹Doblen,

136 4626 286 4700 lVortspiel
304 4629 358 4684 mit
376 4625 513 4700 Graeculi,
531 4639 624 4697 wegen
644 4623 693 4678 des
707 4621 879 4690 uepleppers.
