2774 4966
549 613 653 666 tlutiau
671 629 705 665 an
725 612 824 668 Urban.
1204 617 1247 682 85

124 787 150 850 si
165 786 262 849 voles.
315 785 421 849 Venus
443 785 608 868 pollicetur
631 790 749 867 septam
766 789 875 851 suavia
892 787 980 850 basia
996 793 1027 850 et
1044 810 1140 852 unum
1159 788 1250 851 blan·

124 873 241 936 dienlis
273 872 440 953 appulsum
473 871 600 951 linguae
630 872 723 953 longe
757 873 921 948 mellitum,
957 875 1040 956 quod
1074 874 1249 937 suaviolum

124 964 237 1040 poetae
261 958 394 1021 tradunt
413 957 497 1020 dulci
513 958 636 1022 dulcius
653 958 822 1035 ambrosia,
846 961 929 1040 quod
947 982 1045 1041 genus
1064 959 1251 1024 basiat-ionis

123 1044 264 1126 intelligi
296 1044 398 1107 voluit
432 1043 574 1117 Plautus,
614 1067 684 1107 curn
719 1045 778 1108 ait:
816 1046 897 1126 „Fac
930 1069 978 1108 me
1015 1051 1248 1127 proserpentem

125 1130 272 1205 bestiam,
296 1130 452 1210 duplicem
477 1137 513 1193 ut
536 1130 669 1194 habeam
693 1130 878 1212 linguam.“'
926 1132 986 1195 Sed
1005 1136 1108 1195 cetera
1125 1134 1162 1195 de
1178 1153 1249 1213 sep·

122 1218 247 1281 terrario
276 1237 406 1279 numero
431 1217 506 1279 mire
530 1216 651 1280 faciunt
673 1217 712 1280 ad
737 1217 790 1280 Vll
814 1242 912 1300 panes
935 1220 1142 1299 evangelicus.
1168 1219 1250 1293 Vale,

124 1302 356 1366 humanissime
386 1301 521 1366 Urbane.
567 1302 681 1366 Noster
711 1303 851 1368 decurio²
885 1327 947 1368 uon
973 1313 1029 1381 est,
1055 1310 1090 1367 ut
1112 1306 1251 1388 scripsit,

127 1390 249 1453 amicus
272 1411 361 1452 meus
383 1387 551 1463 humanus
575 1410 672 1472 quum
695 1411 796 1472 neque
820 1392 862 1455 sit
884 1392 1026 1455 eruditus
1050 1414 1151 1473 neque
1176 1392 1251 1455 sim-

128 1474 202 1558 plex
225 1482 257 1538 et
279 1475 451 1539 modestus.
496 1475 612 1538 lterum
637 1475 713 1538 vale.
1114 1474 1119 1484 ‘

281 1575 427 1630 CodFrof.
447 1575 486 1628 28.

131 1746 222 1802 Gotha
671 1732 721 1797 78.
1154 1750 1252 1820 (1507.)

502 1842 647 1912 Mutiau
670 1862 717 1911 an
741 1840 879 1911 Urban.

138 1951 225 2020 {Klope
241 1953 303 2006 ddcr
319 1953 362 2006 dic
380 1953 517 2008 diuiduum
535 1955 591 2007 nard
608 1954 721 2007 Martia.
752 1954 886 2007 Strrclr'us’
910 1955 1035 2007 (leciri-liic.
1062 1954 1188 2022 Irrsclirist
1206 1955 1260 2023 aris

590 2024 685 2077 Goulos
703 2023 800 2090 ilaris.)

191 2118 374 2171 Honorando
391 2120 493 2172 Vallis
511 2121 541 2172 8.
560 2122 686 2184 Georgii
703 2134 868 2172 oeconomo
887 2120 927 2170 Η.
945 2120 1082 2179 Urbano,
1106 2122 1204 2172 amico

529 2208 668 2266 colendo,
686 2208 729 2258 M.
748 2207 857 2258 Rufus.

237 2298 265 2364 S.
308 2298 456 2382 Megaera
478 2302 601 2366 sodales
625 2323 710 2366 meos
732 2303 764 2364 in
788 2301 923 2365 furorem
955 2300 1057 2364 vertit.
1104 2299 1175 2364 Tuti
1198 2301 1254 2365 ltr-

151 2378 284 2461 phurdiae
313 2385 477 2455 Morianus
508 2394 616 2453 coetus
647 2389 835 2452 discordiam
867 2388 1023 2468 exposuit.
1069 2386 1169 2465 Beati,
1202 2389 1255 2470 qui

153 2464 266 2535 lallium
288 2475 449 2556 opacitate
471 2476 647 2556 gaudentes
671 2474 771 2539 forum
796 2487 828 2537 et
851 2474 922 2537 lites
946 2475 1099 2537 nesciunt.
1141 2475 1255 2558 Appel-

155 2551 213 2618 lant
224 2559 310 2642 vulgo
328 2561 499 2625 canonicos
512 2561 681 2644 jurgiosos,
698 2567 870 2644 protervos,
889 2582 1044 2642 procaces
1068 2562 1255 2641 petulantes,

158 2639 332 2723 impudentes
353 2653 395 2725 et,
420 2653 455 2710 ut
478 2649 598 2711 usitata
622 2671 696 2712 voce
720 2647 1048 2729 complectaromuia,
1074 2643 1255 2730 ψευδαδέλ-

159 2743 258 2808 Ψο1ς.·
297 2732 336 2796 Et
353 2756 386 2796 re
402 2756 474 2797 vera
490 2757 552 2797 uon
571 2735 778 2810 mentiuntur,
804 2734 858 2814 qui
882 2733 980 2795 malos
1004 2733 1118 2795 fratres
1134 2734 1255 2797 dicunt.

161 2810 275 2906 Quaeris,
306 2819 383 2901 quid
407 2820 473 2902 ipse
496 2820 632 2883 faciam?
678 2820 798 2883 Relicta
827 2841 936 2882 secura
963 2820 1069 2900 quieta
1097 2821 1197 2882 clamo
1227 2827 1258 2883 ut

162 2917 230 2964 uxor
248 2905 447 2970 truculenter.
495 2907 574 2970 Nam
598 2908 710 2970 acerba
734 2907 800 2969 lues
823 2906 941 2968 ordinis
965 2907 1074 2976 nostri„
1101 2906 1192 2969 lromo
1211 2907 1257 2969 la-

163 3003 248 3082 mosus
267 2999 296 3055 et
320 2993 599 3074 inquinatissimae
625 2994 719 3067 vitae,
747 2989 917 3055 llartinus³
945 2992 1072 3055 lacessit
1099 2999 1131 3055 et
1154 2993 1258 3056 irritat

163 3089 307 3166 uuiversos.
352 3078 422 3161 Ego
445 3078 651 3144 nihilominus
675 3079 805 3144 cottidie
828 3079 874 3141 sic
897 3078 992 3142 adoro
1017 3077 1046 3140 h.
1065 3102 1088 3140 e.
1113 3078 1258 3160 alloquor

163 3154 244 3226 divam
264 3165 429 3247 virginem:
458 3166 610 3248 „Protege
626 3166 760 3229 famulos
776 3172 849 3228 tuos
865 3164 1016 3227 subsidiis
1033 3165 1148 3246 pacis.“
1188 3165 1256 3229 Vidi

164 3249 277 3314 ermina
301 3252 427 3316 Ricardi
451 3251 580 3316 Sbrulii.
596 3251 627 3291 '¹¹
673 3253 726 3316 Sic
748 3252 888 3314 novitius
912 3257 1005 3332 poeta
1023 3260 1151 3314 vocatur
1168 3253 1257 3316 ducis

163 3326 283 3425 Foderici.
330 3337 444 3402 Parum
469 3340 591 3403 roboris
607 3361 680 3420 prae
697 3362 729 3401 se
746 3338 860 3400 ferunt.
901 3337 1101 3418 Hennignus⁵
1119 3339 1259 3402 ostendit

162 3416 367 3487 mitialterius
394 3447 520 3507 quoque
549 3426 654 3488 nescio
689 3424 777 3504 cujus
814 3428 923 3503 poetae
959 3446 1074 3486 versus.
1122 3423 1258 3505 Uterque

162 3503 226 3598 ctdit
246 3517 273 3573 ct
297 3510 425 3574 inferior
448 3519 497 3574 est
519 3509 675 3574 Ευὶπιηο.6
720 3510 770 3573 llic
793 3512 926 3589 rogavit.
952 3520 985 3571 ut
1010 3517 1041 3572 ot
1065 3512 1129 3589 ipse
1153 3512 1258 3574 darmn

161 3591 266 3659 titulum
289 3599 380 3660 novis
403 3598 534 3660 aedibus
562 3599 636 3661 sule.
683 3596 876 3668 liuditum,
909 3618 1001 3677 qnam
1033 3597 1128 3658 rides.
1175 3598 1258 3659 luri-

162 3680 237 3744 larem
270 3683 480 3766 Spalatinum‚
517 3685 577 3747 nisi
612 3706 731 3746 rcrercr
761 3683 792 3745 id
823 3682 950 3744 domiuo
985 3681 1050 3745 fore
1082 3683 1257 3745 molestum.

160 3759 229 3837 Quod
250 3776 356 3833 autem
381 3791 480 3851 nuper
502 3770 541 3833 ad
566 3791 613 3833 me
637 3791 699 3832 non
723 3769 819 3844 venit,
850 3769 987 3848 graviter
1016 3770 1166 3850 peccavit.
1212 3768 1259 3831 Tu

209 3907 302 3958 nucu
319 3904 363 3956 des
378 3903 557 3970 prieclrr'sclzen
581 3903 679 3956 ll'orles
696 3903 753 3954 eine
772 3902 862 3963 oriere,
886 3906 993 3968 crpitrral
1019 3901 1087 3953 irrrclr
1111 3902 1167 3953 dcm
1188 3901 1259 3968 Poly.

157 3970 201 4022 mut
213 3974 312 4026 andern
333 3973 435 4027 Stellen.
505 3973 635 4026 bSorulii.

211 4044 217 4072 ¹
235 4045 305 4097 Asin.
326 4042 417 4103 111,3,
437 4043 492 4095 105.
564 4042 674 4095 linter
698 4040 802 4093 decurio
822 4039 938 4090 rorstelrt
959 4038 1058 4091 liutiun
1078 4039 1144 4091 uach
1165 4039 1205 4092 ΒΓ.
1227 4040 1260 4092 ‘24

154 4106 192 4162 deu
214 4112 334 4166 scabinus
359 4112 422 4164 oder
446 4109 598 4175 consularis,
623 4112 646 4162 d.
672 4110 686 4163 i.
711 4109 923 4175 Biirpermeistcr.
963 4108 999 4159 ln
1021 4109 1044 4160 .Ι.
1067 4110 1130 4160 lud?
1156 4125 1209 4160 war
1234 4127 1262 4160 es

152 4175 268 4235 lohannes
286 4181 414 4249 Hartung.
451 4179 607 4247 Sagittar.
625 4178 693 4231 Hist.
714 4179 789 4230 (loth.
809 4178 848 4228 cd.
867 4177 959 4228 Tenzcl
979 4194 1001 4242 p.
1022 4178 1078 4229 eliu.
1152 4177 1261 4230 ‘roran-

151 4245 202 4303 dtss.
225 4251 251 4304 S.
271 4253 287 4302 4
306 4253 337 4303 A.
356 4251 379 4303 3.
447 4249 548 4301 ⁴lticli¹
568 4249 688 4301 Slrrulius
706 4264 753 4299 aus
773 4246 865 4308 ildino,
885 4246 956 4299 l'oct.
976 4267 995 4298 s.
1017 4248 1081 4299 iou?
1103 4246 1126 4296 iu
1149 4246 1261 4298 ll'ittcn-

151 4315 208 4386 burg.
227 4337 266 4373 n'o
285 4319 412 4372 Gediclrtc
431 4336 481 4371 ron
500 4319 555 4369 ihm
574 4335 606 4370 au
625 4316 733 4369 Sclrcurl
761 4316 813 4367 und
840 4315 909 4367 liurl'.
938 4315 1071 4366 l‘r'munlr
1100 4315 1261 4370 orsclricueu.

151 4387 205 4442 1515
223 4390 248 4441 iu
268 4389 449 4456 per-eduliclren
471 4387 652 4453 Bcciclmugcn
672 4403 703 4437 ru
724 4385 822 4437 llutian
842 4384 895 4449 (Bi.
915 4386 984 4438 lili).
1023 4384 1178 4452 lli'rcking,
1197 4385 1261 4452 Opp.

147 4452 210 4511 llutt.
229 4458 278 4518 nl,
295 4458 337 4512 oi
410 4457 532 4510 ⁵liocdc.
568 4456 621 4509 llus
641 4456 721 4509 Hans.
740 4456 785 4506 aul
803 4454 915 4505 welches
936 4452 1035 4504 linum
1055 4454 1096 4504 die
1115 4453 1201 4521 gleich
1221 4471 1261 4505 cr-

147 4525 241 4581 rmore
258 4526 386 4581 lusclur'lt
404 4525 516 4583 schrieb,
541 4541 593 4577 war
617 4526 688 4576 scine
714 4522 999 4589 lianonikeriroliuung,
1025 4523 1066 4573 dic
1085 4538 1113 4573 or
1134 4523 1199 4575 1505
1220 4525 1265 4575 aul

146 4593 222 4719 cipp]
233 4594 516 4719 Kmtenqnessugbputp.
552 4593 789 4658 llotsclrmaun,
812 4591 863 4645 Eri.
883 4590 929 4658 lit,
947 4594 971 4644 ἶ).
990 4589 1071 4644 Furta.
1091 4592 1115 4645 S.
1135 4593 1206 4645 511..

223 4681 307 4721 emus·
343 4693 369 4719 i.
464 4670 512 4719 .⁴.
