2774 4966
561 627 667 682 lintion
685 644 720 682 an
740 625 840 682 Urbau.
1197 626 1263 694 499

134 800 199 878 diu,
223 798 318 862 homo
342 798 460 862 dubiae
482 798 565 873 fidei,
590 799 706 863 dubiae
735 798 917 880 pudicitiae,
952 797 1068 862 dubiae
1101 801 1262 864 sanitatis.

133 885 282 949 Nondum
306 888 472 966 procerte
503 884 650 966 comperi,
683 884 758 965 quid
793 884 928 947 monstri
962 883 1037 947 alat.
1081 884 1162 949 Illud
1198 906 1264 950 cer·

133 972 309 1034 tissimum:
333 969 395 1032 nisi
418 991 545 1033 severus
569 976 600 1033 et
623 976 737 1032 cautus
765 990 876 1044 essem,
911 989 973 1031 non
1009 974 1093 1034 recle
1129 970 1263 1035 faceret:

134 1061 249 1120 natura
272 1055 391 1118 bardus
415 1060 448 1119 et
469 1054 577 1133 hebes,
600 1055 654 1118 sed
679 1054 789 1130 futilis,
813 1053 981 1136 malignus
1005 1055 1142 1119 invidus.
1187 1055 1264 1121 Plus

135 1142 211 1205 salis
234 1142 440 1218 insumemus,
464 1145 500 1204 ut
524 1140 647 1221 plenius
671 1144 890 1221 cognoscatur.
937 1140 1054 1204 Amisit
1080 1141 1263 1206 schedulam

135 1249 153 1290 a
187 1231 220 1289 te
254 1225 316 1288 sibi
353 1225 470 1289 datam.
516 1225 685 1289 Patientia,
734 1224 882 1288 Praestat
913 1224 1031 1290 babere
1063 1228 1197 1298 stultum
1232 1232 1264 1291 et

135 1315 285 1375 insanum
324 1331 461 1392 coquum
500 1333 595 1393 qnam
635 1315 738 1374 catam
774 1314 807 1372 et
839 1331 949 1373 sanam
988 1324 1161 1394 coquam.⁸
1214 1313 1263 1378 lla

133 1398 228 1461 homo
261 1418 341 1473 sum,
365 1401 402 1459 ut
423 1419 443 1460 a
465 1397 627 1460 consuetis
650 1397 716 1458 sive
738 1396 832 1459 bonis
862 1397 928 1459 sive
957 1397 1049 1461 malis
1076 1419 1140 1462 nou
1171 1398 1264 1462 facile

131 1483 287 1555 recedam,
315 1482 474 1563 „Aedibus
491 1483 522 1545 in
541 1482 658 1545 nost-ris
680 1502 762 1561 quae
777 1502 875 1564 prava
890 1487 947 1545 aut
963 1487 1048 1546 recta
1063 1483 1260 1564 geruntur.“'

134 1569 224 1645 Novi,
264 1567 340 1649 quid
378 1568 460 1630 desit
494 1567 581 1630 mibi.
631 1567 702 1648 „sic
725 1589 775 1629 me
798 1567 902 1629 vivere
922 1567 1023 1648 juvat,
1047 1571 1092 1632 sic
1115 1568 1262 1652 perire.“²

133 1653 265 1734 Culpam
290 1658 323 1715 et
345 1652 470 1715 landem
494 1653 592 1733 probe
608 1654 683 1716 scio.
728 1652 770 1715 Et
793 1653 831 1715 de
853 1652 903 1715 his
918 1655 1006 1716 satis.
1047 1654 1262 1719 Herebordum

133 1738 225 1802 multi
247 1743 400 1801 accusant
422 1743 457 1801 ut
480 1738 651 1819 superbum
674 1741 705 1800 et
728 1738 827 1819 patris
857 1738 1021 1818 iniquitati
1055 1740 1261 1805 consimilem.

132 1824 209 1888 Vere
244 1823 399 1904 displicet.
445 1824 480 1886 ln
512 1827 624 1886 sancta
659 1823 791 1886 veritate
821 1844 883 1885 non
916 1843 1045 1904 possum
1076 1846 1139 1888 non
1170 1847 1263 1907 aegre

132 1910 211 1972 ferre
242 1909 413 1972 amicorum
447 1909 525 1971 vitia
556 1909 739 1991 praesertim
771 1908 924 1972 nocitura.
970 1902 1023 1990 jd
1047 1911 1114 1990 arip
1136 1914 1190 1971 uel
1212 1917 1262 1973 bos

132 2015 158 2056 rr
182 1998 223 2055 uit
245 1997 286 2055 uil
309 1995 371 2069 aud)
394 1994 445 2052 uir
467 1995 562 2072 itaqu,
584 1994 646 2068 bad)
671 1998 722 2054 buu
745 1994 781 2066 id)
805 1999 853 2054 bas
877 1996 918 2054 ull
942 1997 1076 2068 subactu.
1119 1988 1173 2076 jd)
1200 2002 1262 2076 unp

130 2083 166 2140 im
189 2085 240 2157 cufi
264 2080 331 2139 litte
359 2084 410 2139 uun
443 2078 629 2159 ltruutadjollt
657 2088 739 2139 riuus
765 2083 811 2138 brt
841 2080 952 2155 mortuil
982 2098 1099 2152 ausuum
1125 2098 1158 2150 ιι
1184 2091 1262 2156 patu

130 2182 269 2238 urrunnu.
328 2163 478 2226 Eobanus
511 2184 569 2224 sua
604 2168 718 2245 sponte
750 2163 930 2226 libertatem
971 2164 1086 2227 amisit.
1144 2164 1263 2230 Omnes

131 2249 211 2311 male
242 2253 359 2312 taxant
390 2245 576 2330 sponsalia.⁸
620 2247 688 2329 Ego
711 2249 788 2324 dixi,
814 2253 850 2312 ut
872 2247 1156 2331 Francoberginm⁸
1187 2273 1263 2315 oon·

130 2334 248 2397 suleret
278 2335 343 2415 jam
381 2334 542 2416 digamum
574 2336 607 2395 et
636 2335 764 2397 viduam
795 2334 986 2397 ditissimam
1017 2334 1154 2400 duceret.
1199 2336 1262 2400 Re-

134 2420 281 2501 scripsit:
309 2420 409 2502 „Non,
426 2443 446 2483 a
461 2417 622 2482 veteribus
639 2420 721 2482 enim
746 2419 861 2482 cuunis
884 2418 1068 2483 abhorreo.“
1108 2421 1157 2484 Ab
1173 2421 1261 2500 deus,

131 2506 247 2568 dicitur
283 2528 351 2569 esse
384 2505 573 2588 praedurata
605 2509 637 2567 et
671 2506 764 2586 inops
798 2504 944 2586 maleque
976 2505 1095 2569 dotata.
1142 2505 1261 2571 Tamen

130 2590 244 2653 melius
267 2595 316 2653 est
339 2591 454 2654 babere
478 2590 662 2671 legitimam,
688 2595 726 2653 ut
744 2591 886 2672 turpiora
902 2591 1046 2655 vitemus.
1085 2591 1131 2653 De
1146 2593 1261 2656 salario

131 2676 222 2738 velim
247 2698 325 2756 agas
348 2699 418 2739 cum
450 2674 628 2738 semivivo.⁵
674 2675 765 2738 lllitte
788 2675 900 2739 adme
923 2698 970 2749 ea,
994 2697 1076 2756 quae
1104 2676 1261 2742 Parrhisi·

130 2783 221 2823 anses
253 2763 446 2844 scripserunt
477 2761 509 2823 in
542 2759 765 2842 Capnionem.⁰
812 2761 880 2823 Vidi
904 2759 998 2825 Aela⁷
1021 2769 1071 2821 auu
1095 2763 1138 2822 uic
1161 2773 1261 2825 alatu-

129 2846 203 2921 alodi
234 2851 281 2907 bra
310 2849 469 2925 credndum
503 2839 600 2927 juben
634 2843 836 2926 pullarium!
880 2846 1044 2909 Maternus
1077 2869 1127 2911 me
1157 2854 1259 2912 vocat.

130 2931 213 3007 Quid
237 2930 357 2994 (15509β
402 2932 541 2994 Consule
564 2934 595 2994 et
617 2932 695 2994 vale.
743 2931 799 2994 [lie
822 2931 975 2995 divorum.

283 3015 344 3069 Coo.
365 3013 507 3068 1151422.

130 3150 246 3219 (Gotha.)
517 3206 523 3217 I
656 3133 729 3198 433.
998 3150 1067 3218 (Ani.
1085 3150 1153 3206 Nor.
1174 3149 1260 3220 1514.)

507 3242 651 3313 lllutian
673 3261 720 3311 an
745 3241 883 3312 Urban.

128 3355 229 3420 (Sobila
253 3355 358 3421 bircpucl
383 3354 441 3406 scu'u
464 3353 641 3420 schrifllielrcs
671 3353 852 3422 lbrsprechcn,
868 3354 987 3420 jularla'cb
1006 3356 1045 3405 30
1066 3355 1106 3407 Gt.
1122 3355 1201 3423 peden
1223 3370 1261 3407 au
1373 3383 1377 3390 ·

127 3424 226 3485 acollcu,
250 3425 306 3475 und
329 3423 463 3490 beluupur
482 3423 831 3489 ldlsrlrlirlr‚dma1}r'crreme
856 3423 979 3475 Marinus
998 3422 1201 3491 Erquiulumqen
1216 3440 1260 3490 pe·

126 3491 210 3543 renue
228 3508 264 3542 vru
284 3491 376 3544 leubcu.
412 3492 463 3542 lm
482 3491 564 3542 allelu
581 3491 692 3558 iibra'pcu
711 3493 742 3543 15
764 3492 805 3543 (ll.
817 3491 873 3543 acr'll
885 3492 974 3543 sauia>
986 3493 1027 3544 uta
1042 3492 1124 3544 Salar
1136 3492 1259 3558 beletrltcu¹

453 3560 502 3612 (lus
520 3559 579 3612 ilem
597 3561 671 3612 nicht
688 3560 857 3628 cersprorlrcn
876 3560 929 3628 iel.)

504 3658 545 3706 Η.
564 3656 692 3707 Urbano
710 3657 754 3706 M.
772 3655 884 3706 Rufus.

233 3747 264 3812 S.
305 3749 374 3812 Etsi
387 3750 624 3832 occupatissimi
639 3755 676 3814 tu
691 3753 722 3814 et
739 3771 797 3831 ego
814 3749 929 3831 (fervet
944 3751 1027 3814 enim
1046 3747 1259 3832 vindemia),'⁰

193 3899 207 3926 ι
221 3900 330 3936 cornua.

196 3954 203 3984 ¹
223 3902 298 4006 Nalm
317 3952 405 4004 oinorn
423 3952 467 4004 lat.
486 3951 653 4019 Spricliwort.
690 3952 748 4019 Vgl.
768 3952 918 4020 llernpel.
936 3952 993 4006 Lat.
1012 3951 1139 4020 Spu'ohw.
1168 3951 1256 4005 Brom.

126 4019 363 4074 1884.N1'.4044.
424 4020 527 4072 ‘Mart
546 4019 609 4077 ΧΠ,
630 4021 669 4087 18,
688 4020 729 4073 26.
790 4012 1128 4073 ³0b01·E0banslloirut.
1160 4019 1185 4073 S.
1204 4020 1257 4072 472

125 4093 154 4140 ll.
175 4090 198 4142 6.
270 4089 356 4142 ⁴lolr.
375 4089 526 4141 Emnioriclr
545 4105 595 4141 rou
615 4088 805 4157 Franlrenberg.
824 4089 941 4142 Eduntur
958 4089 1049 4142 Jun'st.
1077 4087 1257 4143 523816.

159 4157 282 4222 ⁵Sclrilo‚
301 4158 372 4208 stritt
389 4157 438 4208 mit
455 4157 559 4229 Mutian
582 4157 646 4208 libor
669 4158 715 4209 das
740 4159 893 4237 beduugoue
917 4157 1019 4211 Gelmlt.
1055 4156 1114 4225 Vgl.
1134 4156 1193 4221 fulg.
1216 4155 1257 4211 [dr.

157 4224 235 4277 “llio
254 4230 320 4277 Acta
347 4227 482 4277 doctorum
510 4225 729 4278 l'arrlrisiousinm
755 4226 910 4279 orsohreuen
936 4225 1005 4278 Kliln
1030 4225 1067 4276 im
1091 4225 1152 4277 Ilua.
1182 4226 1258 4279 1514.

122 4293 253 4361 Geiger,
278 4293 386 4347 lleuclrl.
407 4294 432 4345 S.
452 4294 502 4348 285
522 4294 547 4345 u.
584 4294 719 4346 llernuuch
744 4295 834 4346 erluln·
851 4294 885 4348 M.
905 4294 987 4346 achon
1012 4294 1106 4345 vorher
1124 4308 1174 4345 ron
1194 4293 1255 4346 dem

121 4363 290 4415 bischoincn.
329 4363 384 4415 l'on
411 4378 505 4414 nouom
527 4362 941 4429 rorlangtosinll..lan.1:315.
972 4362 1014 4415 llr.
1034 4363 1092 4414 450.
1148 4360 1256 4413 ⁷Prae-

122 4429 403 4483 uotarnsntaOrrwini
422 4432 512 4483 siratii.
551 4430 738 4494 Kerausion
761 4432 834 4483 1514.
872 4430 999 4497 Geigor,
1025 4429 1133 4482 Reuclrl.
1152 4429 1177 4481 S.
1197 4430 1259 4482 321.

159 4501 169 4532 ³
188 4498 320 4552 Dentsclio
333 4499 430 4551 Sobrilt
444 4499 617 4551 Plollnrkoms
630 4513 713 4568 gagen
733 4498 864 4552 Rsucbliu
883 4501 957 4550 1514.
994 4499 1125 4564 Geiger.
1143 4495 1257 4550 Reuobl.

122 4567 148 4622 S.
172 4568 232 4621 373.
303 4566 390 4634 lVgl.
416 4568 440 4620 S.
465 4568 516 4619 246
541 4569 604 4620 Al.
642 4558 714 4619 llber
741 4567 877 4620 Mutamus
901 4566 970 4621 Η
999 4570 1030 4618 n.
1052 4569 1082 4616 4.
1149 4555 1273 4611 *Qum

123 4635 239 4689 Mutiuns
258 4635 400 4701 ll'einbup
417 4636 443 4687 in
463 4636 547 4689 Gellia
565 4634 591 4689 S.
611 4636 642 4689 2?
665 4639 695 4692 A.
716 4638 741 4690 1.
1004 4700 1084 4767 λῳ
