2774 4966
401 13 1355 315 Π

607 108 614 129 t

135 626 200 694 234
552 634 639 689 auen
658 632 705 689 der
722 634 746 691 J.
767 628 840 692 rna

139 826 203 867 rem
227 826 296 869 sero
319 807 441 885 leceris,
464 808 572 871 omnia
594 831 688 891 opera
704 831 773 874 sero
796 809 937 874 facies.“'
977 812 1089 892 ltaque
1105 810 1268 875 maturavi

134 893 450 967 commendationem,
487 894 660 957 Duronium
696 894 785 959 adii²
840 897 972 970 Annuit,
1008 897 1104 974 lavet,
1136 896 1201 960 scit
1236 902 1269 959 te

137 977 214 1039 mihi
237 999 343 1041 carum
367 1002 444 1055 esee,
468 980 529 1041 scit
553 981 626 1042 item
651 989 682 1042 ta
705 982 773 1043 sine
796 1003 884 1044 suam
914 983 1163 1045 dominationem
1197 1003 1269 1045 essa

136 1083 291 1140 mancam,
315 1087 383 1129 cum
412 1064 556 1128 Urbanus
580 1067 623 1127 sit
647 1067 766 1146 primus
784 1066 921 1147 ingenio,
938 1068 1060 1149 peritia,
1076 1068 1268 1131 eruditione.

137 1146 215 1223 Hoc,
239 1149 378 1230 inquam,
402 1152 464 1213 scit
486 1157 518 1212 et
540 1152 619 1213 satis
642 1152 710 1214 scit.
759 1152 817 1227 Qui
842 1153 924 1213 enirn
949 1174 983 1215 se
1005 1157 1038 1214 et
1060 1153 1140 1216 alios
1165 1153 1269 1229 novit,

138 1253 199 1295 non
238 1242 287 1296 est
325 1237 453 1298 omnino
497 1259 617 1299 euacua.
679 1238 719 1299 ar.
757 1238 856 1299 nostri
901 1238 1073 1300 adversarii
1117 1244 1268 1301 neutrum

136 1323 317 1398 praestant,
362 1321 422 1383 sibi
468 1322 575 1383 omnia
619 1329 771 1402 arrogant
807 1327 838 1384 et
876 1322 965 1399 mihi,
1003 1345 1095 1403 quern
1134 1324 1269 1402 diligere

136 1401 297 1481 deberent,
330 1403 531 1468 insidiantur.
580 1404 722 1487 Petrejus
757 1413 864 1470 noster
887 1414 919 1470 et
941 1407 1037 1471 frater
1065 1409 1157 1471 valde
1189 1412 1270 1472 sunt

135 1489 173 1551 ad
193 1511 257 1552 rem
275 1492 399 1554 attenti.
445 1491 552 1571 Nuper
576 1491 800 1555 Graeculorum
819 1491 916 1556 libros
933 1491 1012 1556 mira
1028 1516 1099 1557 cum
1116 1493 1270 1557 cautione

133 1573 266 1656 legavit'
301 1581 333 1637 et
362 1577 465 1650 hosce,
504 1598 585 1657 quos
622 1577 737 1641 Paulo*
771 1579 897 1654 tradidi,
934 1579 1051 1642 anxius
1088 1584 1268 1660 exspectat.

136 1660 257 1724 Redeat
289 1661 386 1742 igitur
419 1661 614 1725 Claudianus
643 1662 683 1725 ad
716 1664 889 1738 dominum,
921 1665 975 1745 qui
999 1665 1087 1727 dedit
1109 1664 1209 1741 illum,
1235 1669 1270 1727 et

133 1747 159 1808 si
184 1746 316 1827 pedibus
346 1747 467 1827 ingredi
501 1749 621 1827 nequit,
649 1748 845 1812 subcolletur
868 1772 887 1812 a
909 1747 1112 1832 Nepotiano⁵.
1158 1749 1269 1826 Miror,

132 1854 186 1896 cur
219 1833 326 1895 omnia
358 1833 486 1911 detegat
520 1835 695 1896 communis
728 1832 848 1898 herua⁸
901 1833 960 1897 Eat
991 1835 1068 1897 mihi
1102 1836 1211 1899 rubori
1235 1843 1271 1898 et

134 1919 239 1981 minus
278 1916 413 1981 libenter
451 1918 530 1998 lego,
569 1940 651 1998 quae
688 1923 765 1982 sunt
799 1920 831 1982 in
866 1918 1026 1983 schedula.
1084 1921 1182 1984 Fidus
1217 1926 1270 1985 eat

134 2004 241 2084 procul
266 2004 364 2066 dubio
388 2009 418 2067 et
444 2004 554 2077 bonus,
579 2005 633 2067 sed
657 2004 698 2067 ol)
722 2009 859 2067 aetatem
884 2026 945 2067 non
963 2012 1040 2068 sunt
1055 2006 1117 2070 ista
1133 2007 1270 2086 negotia

133 2089 396 2151 communicanda
420 2111 489 2151 curn
516 2090 627 2170 pueris.
674 2090 718 2152 lle
741 2090 880 2170 ingenio,
904 2091 942 2152 de
966 2090 1076 2168 literis,
1101 2093 1139 2155 de
1160 2092 1268 2169 laude,

134 2174 172 2237 de
194 2174 312 2237 honore
335 2173 528 2255 loquendum
553 2181 610 2238 est.
657 2174 739 2238 Cura
768 2175 970 2239 familiarium
1001 2177 1201 2257 negotiorum
1226 2178 1269 2242 ad

134 2260 399 2342 patresfamilias
423 2261 568 2340 pertinet.
615 2260 655 2323 Fr
678 2261 716 2324 de
740 2260 789 2323 his
812 2261 977 2324 hactenus,
1023 2261 1122 2325 XVIII
1152 2284 1269 2326 nume·

133 2353 244 2408 rantur
274 2346 355 2426 juris
390 2344 566 2408 bucularii.²
612 2345 753 2427 Legendi
788 2348 921 2410 suntin
953 2347 1098 2411 militiam
1133 2349 1269 2425 titones,

135 2432 263 2510 quando
279 2445 293 2472 ⁸
316 2432 457 2494 veterani
482 2432 594 2512 part-im
620 2431 762 2507 exulant,
788 2433 901 2513 partim
926 2438 1031 2496 aetate
1054 2433 1130 2496 lessi
1147 2436 1180 2497 in
1197 2436 1269 2497 otio

135 2518 264 2598 degunt.
310 2517 415 2580 Julius
439 2515 491 2579 ll.⁸
515 2517 610 2580 simili
634 2518 727 2580 modo
751 2517 918 2598 collegium
942 2518 1150 2583 cardinalium
1167 2527 1270 2601 auget

134 2608 282 2683 creatque
315 2602 502 2675 cardinales,
531 2603 557 2665 si
582 2625 655 2666 vera
678 2608 728 2666 est
750 2602 844 2678 fama,
873 2604 1042 2681 imberbes,
1079 2606 1153 2679 linc,
1177 2607 1269 2685 quod

135 2689 236 2770 magis
259 2688 456 2761 absonum,b
487 2689 666 2768 impuberes
689 2688 792 2751 adhuc
808 2688 919 2770 glabro
940 2690 1061 2770 podice.
1099 2690 1189 2754 Licet
1206 2690 1271 2755 hoc

133 2776 213 2856 patri
248 2779 370 2844 sancto,
404 2775 457 2854 qui
493 2774 603 2836 Iovem
640 2779 668 2835 et
703 2773 823 2837 dulium
863 2773 1028 2838 Caesarem
1067 2776 1269 2858 promovisse

133 2881 246 2941 pueros
271 2882 333 2922 non
357 2861 493 2939 ignorat,
517 2859 568 2921 illo
591 2859 747 2940 siquidem
770 2859 982 2941 Ganymedem
1006 2860 1046 2923 ad
1070 2860 1195 2942 pocula,
1214 2861 1270 2925 hic

132 2945 299 3009 Octavium
325 2945 363 3006 ad
389 2945 594 3008 hereditatum
619 2944 757 3008 admisit.
791 2945 907 3007 Illeruit
929 2951 1072 3028 uterque,
1098 2948 1161 3010 imo
1178 2954 1271 3011 uter·

133 3053 195 3114 que
221 3052 290 3093 cum
316 3035 451 3112 utroque
474 3031 599 3093 divinos
623 3031 757 3094 bonores
780 3037 812 3093 et
829 3031 1005 3094 immortale
1029 3053 1153 3095 nomen.
1179 3032 1269 3097 Vale.

284 3149 345 3201 Cod.
364 3147 429 3202 Frcf.
450 3148 508 3202 203.

130 3370 247 3439 (oona.)
660 3355 730 3419 185.
1017 3369 1057 3422 24.
1077 3372 1143 3439 aug.
1162 3371 1270 3440 (1512.)

508 3481 653 3551 llIutian
677 3503 724 3550 an
748 3480 887 3550 Urban.

133 3611 253 3673 (Ilrrtr'un
278 3611 313 3663 im
334 3612 546 3671 λόηηεηῌοείεν,
570 3628 617 3662 unc
648 3609 739 3662 l'rbaa
757 3610 823 3661 beria
843 3609 907 3660 Aba
924 3627 961 3661 aa
978 3609 1129 3677 errrpsetrlen.
1172 3609 1272 3664 Urbnrr

129 3681 180 3733 soll
207 3681 353 3733 Musonius
379 3681 536 3741 obireuluren.
568 3679 711 3730 (terrama-e
735 3695 772 3729 un
796 3677 905 3729 Mation
932 3695 968 3729 aa
992 3678 1119 3740 achialon,
1147 3695 1197 3730 una
1225 3681 1272 3734 dic

513 3748 613 3814 Gepner
630 3747 704 3798 arietet
726 3763 758 3798 ru.
775 3746 882 3810 retra-rr.)

128 3880 238 3929 Amico
256 3879 438 3929 suavissimo
463 3879 504 3927 H.
523 3877 651 3928 Urbano
670 3881 734 3926 tam
752 3875 843 3926 docto
862 3888 954 3935 quam
971 3876 1072 3934 perito
1090 3876 1135 3925 M.
1152 3876 1272 3928 numa.

231 3989 262 4052 S.
298 3989 452 4051 Descendi
476 4009 538 4050 uon
564 3988 595 4049 in
622 3987 747 4049 lrortum
766 3998 922 4061 nucum,c
948 3990 983 4048 ut
999 3985 1136 4048 viderem
1160 4009 1270 4068 poma,

128 4076 182 4139 sad
208 4081 243 4138 ut
265 4075 383 4138 abbam
408 4072 621 4136 Convallium.
668 4072 743 4135 Erat
766 4071 1006 4148 horaaecunda,
1024 4077 1143 4133 etcum
1160 4073 1272 4138 adhuc

196 4312 348 4412 :proniani
368 4312 441 4362 aaa.
478 4314 500 4391 b.
507 4310 609 4426 ruinprp
621 4309 828 4428 stpltfialrsnppup
839 4308 921 4428 'iterra
958 4323 970 4349 0
986 4323 1035 4428 pop
1047 4306 1112 4427 peip!
1128 4306 1269 4429 flu-23*

127 4449 170 4501 n.
219 4382 340 4517 “llll
348 4383 467 4501 ltttt·
481 4397 510 4498 {31
526 4450 549 4498 .-‚⁴
571 4382 807 4509 ..rattruut
857 4391 1271 4510 {latta”attitulat

127 4517 251 4571 Ilutians.
282 4519 307 4571 S.
327 4518 360 4570 24
378 4520 409 4570 ,1,
429 4519 452 4570 3.
507 4517 654 4568 &taureas
672 4513 846 4591 Nepotianus,
870 4512 972 4565 [Iuliana
990 4512 1068 4566 Nette
1085 4512 1141 4564 und
1159 4512 1268 4591 Bienor.

127 4585 220 4639 8211
242 4590 274 4639 A.
295 4590 319 4640 ι’).
390 4585 589 4652 ‘Slimnrering
662 4581 738 4634 'Dio
755 4597 792 4634 rm
811 4582 881 4648 Sept.
902 4580 969 4632 1:312
996 4580 1081 4633 durch
1099 4579 1271 4650 Sdmmenug

126 4655 291 4723 promovicrt
312 4655 418 4708 worden
436 4653 519 4708 sollte.
538 4652 598 4721 Vgl.
617 4666 671 4706 ror.
690 4649 733 4704 Br.
805 4649 923 4717 ‘Pabst
942 4654 958 4717 †
977 4648 1018 4704 21.
1037 4647 1100 4704 roa.
1122 4650 1198 4704 1513.
