2774 4966
10 39 992 287 u

365 601 472 658 blutian
491 617 526 656 an
544 598 724 658 Sunthausen.
759 599 865 656 Mation
884 617 919 655 an
936 598 1038 657 Urban.
1203 602 1267 683 561

135 781 214 855 tare,
246 796 385 859 paeanas
407 797 447 840 ex
471 774 535 840 ritu
558 797 679 840 canere.
725 774 921 840 Persuadeas
954 774 1129 840 edictorum
1162 778 1268 858 ponti·

133 862 271 926 ficslium
296 860 549 936 exsecutoribus,
567 866 604 924 ot
620 861 756 941 gratiam
779 858 960 943 praeferant
983 862 1154 925 severitati.
1199 861 1267 945 Ego

132 969 281 1012 canorum
309 969 434 1011 carmen
451 946 512 1010 feci
527 949 629 1035 instar
655 947 908 1029 supplicationis,
925 947 1009 1030 quod
1026 957 1062 1010 tu
1078 948 1267 1011 suavissimo

131 1039 239 1097 nostro
279 1031 503 1115 Eitalavolpho
540 1033 605 1096 tuis
646 1033 745 1095 literis
783 1032 940 1095 inclusum
977 1031 1130 1095 exhibeas
1164 1033 1266 1097 velim.

131 1119 266 1183 Favebit
293 1120 320 1181 is
344 1120 408 1182 scio
442 1140 556 1181 causae
591 1123 727 1181 nostrae.
775 1118 892 1181 Doctos
922 1123 1018 1192 amat,
1050 1119 1119 1199 pios
1149 1122 1266 1197 tuetur,

132 1204 225 1268 homo
257 1205 377 1286 primae
409 1204 587 1266 nobilitatis
615 1208 647 1266 et
679 1208 788 1266 tantae
819 1204 1022 1266 auctoritatis
1054 1205 1085 1266 in
1115 1203 1198 1276 aula,
1230 1211 1268 1268 ut

131 1312 254 1354 summa
290 1289 330 1353 ad
364 1311 434 1352 eum
470 1290 600 1370 negotia
633 1288 818 1352 referantur.
872 1287 977 1352 Etiam
1012 1290 1039 1353 si
1071 1289 1268 1354 relaxabitur

132 1397 282 1440 censurae
319 1376 413 1457 rigor,
447 1379 555 1438 tamen
592 1375 694 1452 mitte,
719 1378 755 1438 ut
779 1374 884 1438 videat
906 1396 956 1438 me
979 1396 1047 1439 esse
1074 1372 1267 1439 christianae

131 1463 261 1544 pietatis
294 1460 483 1524 studiosum.
530 1459 612 1524 Olim
636 1460 718 1524 aries
750 1460 901 1541 expiabat
931 1459 1055 1543 culpam
1087 1460 1265 1544 capitalem.

132 1547 221 1623 Quod
247 1546 369 1609 indicat
391 1544 566 1609 versiculus
589 1545 655 1608 ille:
685 1545 853 1628 „Lanigeri
883 1545 1032 1610 damnum
1064 1545 1129 1610 dux
1161 1547 1268 1629 gregis

131 1634 198 1715 ipsa
222 1631 333 1695 luat.“'
381 1629 481 1694 Cedat
503 1631 624 1694 silentii
658 1631 736 1694 deus
766 1631 985 1713 Harpocrates.
1038 1633 1105 1714 lige
1132 1631 1209 1714 jam,
1240 1633 1266 1696 si

131 1724 233 1795 vacat,
256 1719 454 1781 musicemur.

245 1802 325 1880 Quid
349 1807 476 1884 pateras
500 1800 599 1863 libare
618 1799 711 1883 jurat
738 1801 927 1884 veniamque
950 1802 1080 1884 precari,

289 1888 409 1951 rustica
431 1891 592 1969 pastorem
615 1887 642 1950 si
665 1889 759 1950 necat
782 1908 857 1951 ense
880 1886 1017 1951 cohors?

246 1974 377 2038 Parcere
400 1994 464 2036 non
489 1972 595 2052 potuit
618 1970 747 2035 demens
771 1972 929 2036 discordia
951 1973 1044 2055 patri,

294 2082 353 2122 nec
375 2057 485 2121 timuit
508 2055 639 2138 Stygios
662 2056 750 2121 ebria
772 2057 867 2121 turba
890 2059 987 2122 lacus.
1099 2104 1105 2115 .

251 2143 352 2208 Credo
377 2143 480 2207 scelus
503 2142 643 2206 lustrant
666 2148 834 2225 praecepta
856 2142 985 2208 silentia
1008 2143 1101 2222 clero,

290 2235 413 2306 contra,
437 2228 491 2292 sed
515 2232 617 2306 taceo,
640 2227 731 2312 plebs
754 2227 836 2292 male
858 2251 937 2293 sans
960 2229 1075 2294 fremit.

247 2316 325 2379 Nam
351 2316 489 2379 tacuisse
514 2312 644 2378 chorum
668 2314 778 2397 culpas
801 2320 919 2378 terrore
942 2315 1063 2399 piabat,

288 2407 401 2465 auctor
424 2401 507 2464 enim
533 2400 694 2481 quondam
719 2421 822 2481 poena
844 2401 967 2465 timoris
991 2406 1067 2464 erat.

248 2485 339 2549 Nunc
364 2487 468 2549 rninus
492 2489 540 2547 est-
562 2488 668 2548 tutum
693 2506 831 2549 canones
854 2487 989 2550 retinere
1012 2506 1149 2561 severos,

293 2577 435 2655 tempora
459 2591 529 2634 cum
555 2576 687 2651 poscant
708 2570 780 2651 jura
803 2570 876 2634 beni
902 2595 942 2635 na
965 2573 1064 2653 sequi.

236 2656 309 2720 Vale
334 2663 365 2721 et
388 2679 438 2720 me
461 2677 541 2719 arna.
581 2654 715 2719 Gothae.
755 2655 859 2719 Pridie
876 2593 942 2720 dal.
966 2657 1133 2735 Quintiles.
1173 2653 1266 2716 Anno

288 2841 349 2895 Cod.
368 2840 434 2894 nef.
452 2839 511 2894 487.

134 3029 248 3098 (oona.)
659 3011 732 3076 497.
1072 3027 1095 3080 s.
1115 3025 1171 3080 run
1190 3026 1266 3081 1515.

499 3137 645 3207 Mation
667 3156 716 3207 an
738 3135 892 3207 Urhau’

132 3265 225 3332 (chqe
241 3265 305 3318 iiber
321 3265 372 3318 dan
391 3265 442 3318 Tod
458 3265 543 3318 salnes
564 3266 684 3320 Gdnners
711 3263 848 3332 Eitelwolf
868 3281 928 3317 corn
955 3263 1039 3318 Steirr.
1075 3262 1177 3316 theuda
1202 3262 1267 3316 r'e’der

133 3333 263 3386 Hortante
290 3334 426 3387 Rr'r'ellahr
442 3351 493 3386 ren
509 3335 596 3388 seiner·
610 3334 775 3404 plantandae
803 3332 1006 3400 Gcecndlschcst
1023 3333 1054 3384 in
1073 3331 1176 3385 Mutua.
1212 3330 1267 3384 Der

390 3402 554 3471 Eixbrsclros
563 3405 670 3472 pedmrtt
693 3403 789 3471 Idrsurt
808 3419 844 3455 aa
862 3401 1007 3468 brumban.)

510 3517 552 3568 Η.
569 3517 698 3569 Urbano
715 3518 760 3568 Μ.
777 3517 889 3568 Butos.

236 3623 266 3688 S.
312 3625 474 3701 Quantum
512 3627 628 3692 vulnus
665 3628 851 3709 acceperit·
888 3625 1078 3708 Mogontina
1110 3625 1191 3689 ditio
1225 3646 1265 3689 ex

131 3710 244 3774 acerbo
287 3712 416 3776 interitu
465 3711 701 3795 Eitalavolplri.⁸
747 3713 989 3777 testatissimum
1030 3716 1089 3787 est,
1126 3710 1262 3775 Urbane.

133 3794 286 3859 Sentiunt
308 3799 476 3880 praecipue
499 3799 649 3862 damnum
676 3799 778 3862 bonae
800 3798 920 3872 literae,
937 3817 1071 3879 quarum
1088 3796 1140 3860 ille
1156 3802 1266 3860 custos

132 3888 200 3946 erat
224 3890 255 3945 et
279 3884 391 3946 nnicus
415 3892 561 3947 assertor.
607 3884 720 3966 ltaque
743 3904 813 3947 sero
837 3883 941 3946 lactus
965 3882 1079 3946 certior
1102 3881 1141 3945 de
1163 3888 1265 3948 morte

132 3967 280 4041 hominis,
305 3969 396 4032 rideo
420 3991 467 4032 ma
491 3970 608 4033 trustra
630 3970 827 4052 supplicasse
842 3968 989 4052 praesuli,
1007 3975 1042 4032 ut
1058 3969 1264 4033 interdictum

131 4051 304 4117 tollatur.b
364 4053 444 4117 Nam
490 4055 566 4135 quia
610 4053 864 4119 Snnthusenius⁴
900 4054 982 4119 abiit
1018 4059 1050 4119 et
1087 4056 1264 4118 communis

197 4269 211 4297 ⁸
225 4254 328 4322 accepit
347 4254 420 4308 Tenc.
490 4261 549 4310 but
567 4299 573 4310 .
589 4299 594 4310 .
612 4299 617 4310 .
636 4256 744 4311 tollatur
760 4257 824 4325 sebit
840 4254 882 4309 aa·
904 4256 1005 4310 Ouarar.

200 4325 206 4354 ¹
225 4323 363 4377 ciurana
382 4324 429 4377 der·
445 4323 537 4392 Elegio
555 4326 581 4378 in
600 4342 654 4380 ror.
674 4326 720 4381 Nr.
787 4326 892 4379 ’Auch
910 4325 937 4378 in
955 4324 1087 4379 Camerar.
1106 4323 1199 4377 Libell.
1218 4324 1262 4377 alt.

128 4390 207 4443 Jlb
225 4408 263 4460 sq.
319 4391 373 4446 ³8.
389 4394 440 4446 535
453 4395 484 4446 A.
499 4394 522 4448 1.
559 4394 661 4448 Huttcn
677 4395 768 4448 eriuhr
785 4393 852 4448 uach
870 4394 963 4447 seinen
981 4392 1106 4461 Angabeu
1124 4408 1157 4446 an
1177 4392 1263 4446 Mark-

129 4463 195 4512 u‘art
213 4476 263 4513 ron
284 4460 405 4514 llatsteio
423 4461 478 4514 und
495 4461 584 4517 Fuchs
602 4462 768 4533 (Boaking,
787 4463 852 4531 Opp.
871 4462 892 4525 Ι,
910 4463 951 4516 39.
969 4462 1014 4530 40)
1033 4461 1084 4514 den
1102 4460 1155 4514 'l'od
1182 4460 1263 4514 llitel-

129 4528 203 4581 wolls
222 4529 257 4581 im
278 4528 340 4595 Mai,
358 4529 427 4583 nach
445 4528 585 4596 Hennes,
610 4531 681 4587 Albr.
705 4548 730 4586 r.
756 4530 903 4585 Brandenb.
921 4530 947 4584 S.
966 4530 1000 4583 24
1024 4529 1096 4583 stsrb
1113 4545 1142 4581 er
1159 4545 1207 4581 am
1223 4529 1269 4580 ld.

132 4596 205 4664 runi,
224 4613 279 4651 was
296 4598 413 4653 offenbar
430 4597 494 4669 irrig
510 4599 553 4655 ist.
624 4603 635 4633 ⁴
652 4599 678 4657 S.
696 4602 749 4656 504
769 4603 800 4656 h.
817 4602 845 4654 b.

161 4686 294 4725 aoracum
306 4688 333 4726 x.
347 4688 372 4727 s.
386 4686 466 4739 suppa
480 4686 522 4731 rx.
573 4681 577 4688 '
1037 4664 1092 4728 ‘bb
