2774 4966
554 632 660 689 Mutian
679 651 713 688 an
731 629 832 689 Urban.
1216 629 1256 697 51

129 809 234 874 dicam
261 810 337 874 deos
360 832 430 873 esse
452 811 573 892 ligneos
590 816 621 873 et
636 810 757 873 surdos.
804 807 865 871 Sed
882 806 977 874 absit.
1000 811 1037 870 ut
1052 807 1110 869 sim
1132 806 1256 888 impius.

127 897 185 961 Pie
209 899 303 960 deum
328 919 448 980 precor,
472 901 507 959 ut
524 895 664 960 fautores
679 897 806 976 linguae
823 894 940 957 latinae
957 898 1083 956 tueatur
1099 897 1131 955 et
1146 898 1256 955 servet.

118 983 266 1047 'Tribuat
288 985 383 1046 nobis
406 1004 467 1045 non
492 983 560 1045 auri
585 983 725 1055 divitias,
750 1003 829 1061 quas
854 1002 916 1042 non
949 981 1086 1060 petimus
1116 980 1256 1041 contenti

123 1093 157 1132 re
183 1071 321 1142 modica,
345 1069 399 1132 sed
424 1070 585 1131 doctrinae
609 1076 639 1131 et
664 1069 859 1131 eruditionis.
910 1066 1041 1146 lgnosce
1069 1071 1102 1127 et.
1131 1064 1259 1128 absolve

124 1157 331 1239 properantis
354 1154 467 1218 calami
490 1160 583 1218 notas
606 1162 637 1218 et
667 1155 752 1217 vitia.
768 1165 781 1192 ²

288 1256 350 1310 Cod.
369 1254 436 1307 rrer.
455 1255 495 1307 53.

127 1428 251 1497 (Gotho.)
667 1429 717 1491 48.
1100 1423 1156 1491 (um
1176 1422 1260 1490 1505.)

503 1554 647 1625 Mutian
669 1573 717 1623 an
740 1551 893 1622 Urban.¹

324 1681 409 1746 (trost
427 1682 508 1734 rariter
524 1683 566 1734 dle
586 1682 789 1748 Anemonem
807 1681 888 1733 rlurrlr
906 1680 949 1732 die
967 1680 1080 1745 hemer.)

374 1795 414 1846 Η.
432 1796 560 1846 Urbano
578 1797 645 1846 viro
663 1796 837 1856 praestanti
855 1796 898 1844 M.
917 1793 1027 1844 Rufus.

236 1905 270 1969 S.
320 1904 444 1984 Vellem,
469 1904 604 1984 Urbane,
629 1907 699 1989 plus
722 1929 790 1970 esse
805 1906 865 1969 tibi
882 1906 977 1981 erite
1000 1904 1077 1967 mihi
1093 1903 1261 1980 librorum,

125 1994 177 2057 ita
203 1998 238 2055 tu
266 1991 380 2055 cultior
409 1991 510 2070 lieres,
541 2014 599 2074 ego
629 1994 749 2057 tersior.
803 1991 865 2056 Sed
896 2013 958 2055 non
992 1992 1047 2054 uni
1071 1991 1125 2054 dat
1148 1994 1263 2052 cuncta

127 2081 225 2143 deus.
273 2078 427 2161 Equidem
451 2100 514 2142 non
538 2080 629 2142 aliter
652 2081 754 2143 sentio
778 2100 872 2160 quam
897 2078 1076 2141 Bernardus
1100 2085 1183 2153 tuus,
1207 2077 1262 2157 qui

126 2165 324 2248 patientiam
352 2165 441 2227 miris
470 2164 619 2228 laudibus
649 2165 742 2229 tollit.
794 2165 943 2228 l'eramus
977 2165 1074 2246 igitur
1104 2163 1261 2245 injuriam,

125 2255 263 2318 damna,
294 2251 504 2314 contumelias
528 2260 560 2314 et
587 2253 686 2314 simus
715 2252 858 2325 humiles,
890 2273 952 2314 non
986 2251 1052 2314 alta
1079 2252 1261 2312 sentientes¹

130 2338 255 2418 ,uuir
277 2337 370 2413 dices,
399 2337 569 2417 ,blutiane
591 2340 685 2400 nimis
701 2360 734 2400 es
751 2337 888 2410 humilis,
912 2337 1023 2400 tardus
1040 2343 1136 2419 atque
1158 2337 1262 2398 hebes.

131 2424 302 2487 l'romittit
324 2424 384 2485 tibi
408 2422 596 2486 Federieus²
620 2425 740 2505 ampla:
778 2447 839 2487 non
870 2430 1024 2505 acceptas.
1080 2423 1264 2486 hlorionesl'

132 2510 289 2574 irrident:
327 2530 388 2571 non
423 2511 511 2590 pensi
541 2510 644 2573 habes
699 2511 825 2573 Amicos
853 2532 915 2572 non
948 2509 1062 2572 habes:
1098 2531 1207 2591 parum
1233 2509 1263 2571 id

133 2619 241 2659 curas.
301 2594 377 2658 Vide
407 2619 445 2657 ne
475 2596 537 2658 ista
566 2605 621 2659 tua
652 2596 815 2659 humilitas
847 2597 904 2658 tibi
935 2597 1050 2658 damno
1084 2597 1126 2658 sit
1159 2595 1264 2676 potius

133 2704 233 2765 quam
259 2682 375 2744 lucr0.“
423 2680 520 2761 Euge,
546 2682 626 2745 bone
649 2682 784 2763 Urbane,
808 2684 914 2744 omnia
941 2681 1160 2745 animadversa
1187 2681 1265 2744 milri

133 2776 223 2831 sunt.
276 2767 449 2848 Despectus
483 2789 586 2831 rerum
615 2775 906 2831 momentanearum
936 2789 998 2831 non
1031 2776 1079 2830 est
1109 2768 1264 2847 vesaniae,

135 2865 229 2918 nonc
253 2853 441 2930 dementiae,
466 2875 528 2917 non
553 2856 767 2935 imperitiae.d
813 2855 892 2931 Quid
925 2859 973 2917 tot
995 2854 1097 2917 sancti
1129 2855 1265 2929 ordines

134 2941 215 3022 quid
251 2946 307 3002 tua
341 2939 488 3018 haeresis,
519 2941 552 3003 in
587 2961 649 3021 qua
678 2942 850 3004 canonicus
878 2942 966 3017 viris,
1008 2941 1083 3021 quid
1118 2941 1265 3003 instituta

135 3027 401 3110 philosophorum
437 3027 565 3090 meliora
599 3027 684 3090 aliud
717 3028 926 3109 praecipiunt,
970 3048 1063 3108 quam
1099 3037 1135 3088 ut
1168 3028 1265 3089 simus

137 3115 249 3196 paucis
274 3113 417 3175 conteuti
441 3119 473 3175 et
495 3113 678 3176 mausueti?
723 3113 844 3176 Omitto
866 3114 963 3175 citare
979 3118 1086 3175 testes
1134 3113 1265 3176 Paulum

138 3201 234 3273 nosti,
261 3198 341 3279 legis
373 3209 498 3273 sacra,⁰
529 3200 679 3281 intelligis
710 3222 803 3262 casus
826 3199 990 3261 humanos.
1036 3199 1266 3263 Dicautsma-

138 3288 217 3366 ligni
242 3285 422 3348 hlutianum
447 3307 509 3348 non
533 3309 601 3347 esse
628 3287 821 3368 theologum,
855 3308 917 3349 non
945 3287 1172 3368 jurisperitum,
1205 3307 1265 3348 non

139 3373 312 3436 admodum
337 3370 507 3434 literatum.
564 3371 674 3434 Fateor
698 3384 729 3435 et
752 3373 925 3435 humilibus
955 3376 1047 3435 homo
1076 3373 1267 3434 christianus

139 3461 319 3540 acquiesco.
366 3457 399 3517 ld
423 3464 528 3520 tamen
546 3459 621 3535 scio,
647 3482 703 3522 nos
727 3460 757 3521 in
775 3461 860 3522 omni
882 3460 1043 3522 doctrinae
1067 3480 1190 3538 genere,
1215 3479 1268 3519 ne·

140 3545 213 3607 dum
240 3547 272 3607 in
297 3543 395 3605 sacris
418 3543 517 3606 literis
540 3551 571 3606 et
591 3545 661 3625 jure
684 3552 808 3609 tantum
833 3545 1012 3627 profecisse,
1047 3550 1202 3623 quaritum
1228 3543 1267 3604 ab

142 3631 270 3694 homine
295 3629 447 3692 barbarae
469 3630 631 3694 nationis³
662 3632 728 3694 lieri
759 3637 873 3714 potest.
928 3630 997 3692 Non
1022 3637 1052 3692 te
1077 3637 1212 3704 moveat,
1242 3631 1267 3690 si

141 3719 230 3780 andis
255 3715 519 3779 calumniantium
543 3720 800 3780 obtrectationes.
848 3716 966 3796 ll'lajora
989 3717 1066 3778 mori
1085 3716 1268 3791 moliuntur,

142 3803 233 3866 crede
258 3803 349 3864 inihi.
395 3801 455 3864 Sed
479 3823 516 3865 eo
540 3824 589 3866 me
612 3805 722 3866 robore
746 3804 842 3867 animi
866 3804 943 3866 deus
972 3804 1100 3884 saepsit,
1132 3811 1167 3865 ut
1190 3804 1270 3865 stul-

140 3898 257 3963 torum,
283 3888 470 3962 invidorum,
494 3889 700 3971 superborum
725 3890 817 3952 sibila
843 3912 903 3952 non
928 3892 1140 3952 extimescam.
1188 3888 1270 3951 hlule

141 3978 239 4059 igitur
272 3977 385 4037 dicunt
412 3973 473 4037 illi:
511 3975 702 4059 „Hurnilitas
725 3981 773 4038 est
800 3977 991 4039 conditionis
1020 3975 1153 4038 vilitas.“
1204 3975 1270 4037 lmo

144 4065 309 4127 humilitas
333 4060 507 4126 christiana
529 4069 577 4126 est
595 4086 667 4126 rere
684 4063 836 4125 tortitudo
854 4068 885 4124 et
901 4064 1155 4142 magnanimitas.
1184 4062 1268 4124 lale.

146 4150 282 4230 Raptim.

299 4232 361 4284 Cod.
382 4230 446 4283 Frcl.
465 4231 505 4285 38.

145 4337 282 4346 ...μ--..4.-
288 4341 293 4344 .
302 4340 308 4344 .

211 4402 360 4456 sciuri.
397 4405 530 4452 blesetat
553 4400 653 4453 Cretaei:
672 4400 764 4455 lu'uru.
801 4416 877 4454 crron
895 4403 957 4468 fehlt
974 4403 1098 4456 tethea.
1136 4407 1270 4457 ddmnen-

147 4472 189 4537 ῆι,
207 4491 257 4526 nou
277 4470 411 4539 imperitia
433 4471 533 4523 Chrrrrr.
570 4484 684 4522 0sucum
707 4471 778 4524 ll‘ur.
817 4478 826 4513 t'
840 4473 929 4523 dicunt
953 4475 1052 4525 rhum:

214 4547 221 4574 ¹
241 4541 318 4594 ,luch
339 4542 364 4591 iu
384 4542 525 4592 (laurerarii
545 4540 635 4593 libell.
657 4557 713 4592 um:
727 4557 784 4608 epp.
804 4543 816 4592 l
837 4548 854 4592 ὅ
872 4559 894 4594 a.
966 4549 975 4573 '²
995 4543 1116 4594 lturl'iirst
1130 4544 1270 4595 l‘rimlrieh.

149 4601 217 4663 tter
239 4612 284 4663 die
310 4608 494 4676 Unterreduug
511 4610 559 4660 mit
577 4609 632 4660 ihm
653 4610 703 4677 rgl.
722 4612 747 4662 S.
768 4612 800 4663 20
818 4616 848 4663 Α.
868 4615 890 4663 3.
980 4611 1037 4662 eh,
1061 4612 1199 4680 tergium
1225 4615 1270 4664 mir

147 4679 195 4731 deu
211 4679 364 4733 ltelienern.
1228 4720 1229 4724 ,

1020 4754 1071 4820 4*
