2774 4966
369 37 1305 293 ¹1³-

126 612 187 681 148
501 616 589 670 Brielc
607 633 658 670 ron
679 616 858 673 1508-1509.

126 787 159 851 ld
186 788 288 870 ipsum
312 788 428 852 lectum
454 788 491 851 iri
515 789 641 852 dicebat
664 791 695 853 in
720 789 899 853 Proverbiis
921 789 1044 853 Erasmi
1066 809 1166 870 seque
1182 809 1261 853 cou-

126 873 244 936 sultnm
276 874 314 936 de
342 873 522 954 significatu
546 896 565 937 a
589 876 741 954 magistro
771 875 833 936 sibi
864 896 936 937 caro
969 875 1052 956 apud
1087 873 1261 955 collegium

126 960 345 1021 humanitatis
402 959 469 1039 Ego
508 981 591 1033 vero,
630 961 684 1040 qui
721 960 886 1040 proverbia
920 982 983 1023 non
1020 959 1121 1023 babeo
1157 980 1261 1042 neque

126 1042 245 1124 Copiae
269 1043 387 1106 Cornu¹
412 1051 469 1108 aut
492 1044 578 1107 aliud
602 1045 737 1119 lexicon,
761 1052 793 1107 et.
816 1052 893 1107 tunc
913 1045 958 1108 fui
982 1051 1015 1108 et
1037 1066 1123 1108 nuuc
1138 1066 1211 1108 eum
1228 1046 1260 1109 iu

128 1129 188 1190 bac
211 1131 398 1208 quaestione
423 1129 555 1191 velutin
575 1152 729 1192 marmore
752 1133 874 1192 cretata
897 1130 988 1193 linea.
1027 1130 1140 1211 ltaque
1156 1150 1259 1193 meum

126 1214 285 1276 inscitiam
303 1213 489 1295 simpliciter
502 1214 654 1277 confiteor
666 1224 761 1295 teque
774 1237 860 1294 rogo.
874 1222 910 1278 ut
922 1216 1050 1279 evolvas
1063 1214 1262 1279 collectanea

127 1306 184 1360 tna
214 1307 246 1361 et
276 1298 400 1379 Petrejo
435 1299 633 1380 respondeas,
680 1300 765 1361 Cedo
799 1300 869 1371 tibi,
905 1302 1034 1363 tametsi
1070 1301 1145 1381 „qui
1183 1300 1261 1363 velit

128 1384 256 1463 ingenio
287 1384 395 1446 cedere
417 1406 506 1447 rarus
529 1383 634 1447 erit.“²
681 1384 778 1447 Dabis
807 1386 966 1448 etiamad
990 1407 1072 1461 eum,
1100 1385 1128 1447 si
1160 1406 1260 1468 popo·

128 1469 232 1544 scerit,
263 1468 523 1531 Emendationem
555 1490 715 1531 sacrarum
749 1468 937 1533 literarum.⁸
993 1470 1071 1534 Nam
1105 1469 1261 1535 debemus

129 1554 263 1635 Petrejo,
298 1562 330 1615 et
364 1555 503 1617 maxima
535 1554 567 1615 in
599 1576 657 1617 nos
689 1555 790 1635 ipsius
823 1557 937 1619 merita
972 1555 1086 1619 bonam
1122 1557 1259 1635 gratiam

131 1644 297 1701 morentur.
342 1638 489 1702 Intellexi
517 1661 587 1701 enm
622 1639 653 1701 id
680 1661 760 1720 opus
791 1647 974 1721 exspectare
997 1645 1030 1703 et
1051 1640 1139 1702 dicto
1174 1640 1260 1721 quod

130 1726 221 1804 quasi
259 1724 447 1786 subacidum
486 1724 652 1787 mordebat
689 1726 886 1805 (quanquam
925 1727 1062 1788 ironicos
1099 1724 1259 1806 prolatum

128 1809 224 1889 esset)
263 1809 493 1872 inflammatum
535 1810 635 1871 irasci.
691 1809 791 1891 Terga
826 1809 907 1872 hanc
941 1810 1109 1885 maculam,
1146 1833 1185 1872 ne
1219 1810 1260 1874 ob

128 1894 342 1956 urbanitatem
368 1917 467 1956 meam
492 1895 625 1976 incipiat
647 1916 705 1957 nos
728 1896 816 1957 flocci
841 1896 986 1977 pendere.
1025 1895 1126 1957 lleum
1144 1901 1259 1959 testem

129 1979 230 2041 babeo
263 1981 397 2059 primum
433 2000 572 2042 meorum
611 2001 680 2042 esse
717 1979 875 2061 Petrejnm
915 1981 1046 2062 dignum
1087 2001 1197 2045 amore
1230 1987 1262 2043 et

128 2064 331 2127 observantia
370 2066 572 2145 sempiterna.
632 2063 763 2128 Videtur
797 2066 837 2128 ad
871 2066 948 2128 iram
989 2065 1083 2146 paulo
1122 2067 1261 2147 pronior,

129 2150 215 2212 velut
238 2150 274 2223 is,
299 2151 353 2230 qui
377 2156 447 2212 atra
469 2150 533 2212 bile
555 2149 723 2212 laborare*
767 2150 879 2213 Verum
904 2151 935 2212 in
958 2149 1081 2213 Eobani
1097 2151 1261 2215 molestiu'

129 2234 317 2316 placabilem
350 2257 384 2297 se
415 2239 557 2315 praestat
586 2239 683 2314 atque
714 2237 768 2309 ita,
800 2242 836 2298 ut
863 2236 1000 2299 multum
1031 2238 1202 2299 remittens
1225 2237 1264 2301 du

127 2321 305 2383 intentione
329 2343 387 2383 sna
410 2321 496 2383 dicat
519 2342 582 2383 non
606 2342 674 2382 esse
705 2341 785 2400 opus
815 2321 970 2401 precibus.
1018 2321 1100 2384 nudi
1131 2343 1265 2402 quaeso,

128 2426 192 2485 qua
208 2407 250 2468 sit
265 2407 382 2469 mentis
398 2405 578 2480 altitudine,
596 2426 659 2484 qua
675 2404 851 2468 clementia.
900 2406 989 2487 „Non
1014 2406 1094 2482 est“‚
1117 2407 1264 2488 inquam,

130 2489 299 2571 „Eobanus
329 2513 443 2553 saevus
466 2496 498 2553 et
520 2491 705 2553 indomitus.
752 2490 880 2553 Veniam
914 2496 1022 2573 optat3
1051 2496 1194 2555 cetarum
1223 2493 1264 2557 ad

127 2576 257 2638 verbnm
290 2578 386 2655 ,rogo‘
410 2575 495 2657 quod
520 2580 570 2639 est
594 2576 722 2655 ingenio
754 2576 865 2638 durum
897 2578 980 2639 flecti
1012 2598 1075 2639 non
1105 2574 1265 2659 potest.“⁸

131 2659 209 2722 Tum
246 2661 402 2741 Petrejus:
441 2661 486 2741 ,0
522 2661 632 2723 miram
671 2661 993 2742 extemporalitatem!
1048 2660 1120 2725 Non
1159 2662 1264 2737 sum‘,

129 2748 244 2826 inquit,
283 2745 457 2828 „Jupiter“‚
492 2747 583 2826 quasi
617 2745 748 2808 diceret:
788 2746 882 2808 homo
916 2768 995 2809 sum.
1054 2747 1134 2827 ,Qui
1169 2747 1263 2828 lingit

129 2852 235 2894 sacros
268 2852 344 2894 auro
376 2831 425 2894 vel
457 2852 612 2894 marmore
642 2830 758 2904 vultus
789 2829 860 2893 Non
892 2831 969 2894 facit
1000 2831 1051 2894 ille
1082 2833 1177 2911 deos;
1209 2832 1261 2914 qui

128 2921 230 2995 rogat,
254 2916 306 2978 ille
329 2914 452 2979 facit.“⁷
499 2917 573 2978 Vale
595 2915 670 2978 felix
695 2917 726 2978 in
756 2916 957 2979 silvestribus
980 2917 1091 2979 antris.
1138 2916 1262 2981 Gothus

127 3001 209 3062 xlx.
235 3001 300 3136 Cal.
318 2999 587 3135 plrpnpfmdnno
611 3005 685 3082 post
707 3002 879 3064 adventum
902 3003 1070 3065 salvatoris
1093 3000 1212 3065 Mblx.

295 3087 317 3136 'o
337 3124 342 3135 .
383 3099 427 3135 rc.
489 3086 504 3135 l.

129 3218 244 3286 (Gotho.)
656 3205 725 3266 119.
1045 3219 1084 3273 13.
1102 3218 1167 3271 Juni
1188 3220 1257 3273 1509.

483 3311 626 3380 Mutiun
649 3332 697 3380 un
721 3311 906 3380 Herbord.

127 3421 223 3486 (leba
240 3422 288 3472 den
308 3421 445 3487 Arrsstond
461 3423 504 3473 cles
526 3422 649 3489 Erfnrlcr
674 3422 760 3475 telles
775 3439 856 3490 peperi
873 3422 907 3475 H.
927 3422 1030 3475 Irielner.
1068 3422 1118 3475 llic
1141 3423 1259 3477 uxamia

126 3490 215 3555 (iarden.
233 3490 309 3541 solbet
329 3490 357 3542 in
375 3491 421 3541 der·
447 3491 615 3557 l'crnv‘rrnnp
632 3491 676 3542 des
698 3491 903 3543 Genrcr'rnccaens
923 3491 978 3543 llere
996 3491 1148 3559 Reclirnmy.
1179 3492 1260 3545 ΗΜ

160 3559 210 3609 soll
227 3558 346 3609 Herdoni
361 3558 455 3625 folpen.
493 3559 594 3626 Selna'sl
611 3560 656 3611 des
677 3559 790 3611 lla-neor.
811 3559 950 3612 Barbanna
965 3577 1043 3626 peperi
1060 3560 1104 3611 die
1121 3560 1235 3627 Portum)

231 3654 283 3705 Ad
302 3654 520 3705 Herebordum
539 3656 698 3704 litterariae
716 3656 909 3715 reipublicae
926 3655 1079 3716 columen,
1103 3656 1260 3708 doctorem

499 3740 674 3792 Gallorum⁹
692 3738 747 3808 (Μ.
765 3738 888 3807 nutus).

231 3832 266 3895 S.
312 3833 469 3897 Ouidiana
486 3832 597 3897 Medea
619 3835 665 3897 sic
689 3834 843 3915 loquitur:
871 3835 986 3916 „Video
1002 3835 1134 3898 meliora
1149 3837 1261 3918 probo·

129 3939 200 3997 que,
224 3917 381 3981 deteriora
404 3920 580 4000 sequor.“¹⁰
627 3920 769 3983 Prudens
792 3926 840 3983 est
864 3922 1022 3995 nimirum,
1053 3921 1201 4003 quisquis
1229 3921 1260 3984 iu

199 4056 208 4085 ¹
227 4053 357 4108 Perottus.
377 4054 555 4121 Corinaeopine
573 4073 593 4107 s.
613 4056 718 4122 linguae
737 4055 781 4107 lat.
800 4055 991 4107 cornmeuturii.
1017 4055 1083 4107 Veu.
1109 4055 1168 4110 Ald.
1189 4056 1261 4111 1499.

128 4118 233 4173 ²b1nrt.
259 4122 331 4176 Vlll.
353 4123 392 4183 18,
414 4123 451 4177 10.
526 4123 617 4175 3Εἰιιο
643 4124 806 4175 verhessmte
833 4123 1031 4191 Bilrelausgnbe.
1103 4124 1261 4192 ⁴Ergtuze:

129 4188 240 4241 videtur.
276 4190 325 4241 llic
344 4190 424 4243 Stella¹
442 4191 548 4243 sclieint
566 4192 718 4244 verderben.
782 4194 792 4223 r,
809 4192 834 4243 S.
856 4193 905 4243 132
926 4196 955 4244 A.
976 4194 998 4244 7.
1066 4192 1157 4245 l›Eiu
1177 4193 1263 4246 burtar

128 4256 192 4307 Sina
212 4257 275 4309 llisst
293 4259 350 4310 sich
370 4259 444 4311 nicht
463 4259 529 4311 naelr
549 4261 609 4310 dem
633 4260 749 4312 l'erlmrn
770 4276 830 4325 rogo
850 4260 1006 4311 nonnemo«
1041 4258 1195 4316 Schulwitz.

129 4325 137 4355 ⁷
156 4323 231 4379 linit.
253 4326 324 4392 l'IlI,
344 4327 385 4389 24,
404 4330 420 4379 ι’»
438 4344 477 4394 eq.
549 4328 688 4379 “ll'arum
708 4327 781 4380 nicht
800 4328 865 4380 ldilr.
885 4328 967 4380 lun?
996 4328 1071 4380 Anclr
1086 4327 1263 4397 derlolgeudc

129 4391 172 4445 Br.
184 4409 217 4444 an
230 4393 347 4447 Herbord
367 4396 401 4447 iet
420 4413 470 4447 von
489 4396 640 4448 dernselben
661 4397 766 4458 Ilntum,
786 4397 811 4448 in
832 4397 923 4448 beiden
942 4400 1011 4449 setzt
1030 4396 1077 4447 der·
1089 4396 1264 4450 Absehr'eibsr

129 4477 156 4511 m
176 4461 344 4514 Buclrstalnm
364 4465 563 4530 undevigesimo
581 4464 636 4517 un.
655 4465 744 4528 Quint.
764 4464 846 4531 (lul).
884 4464 1032 4517 Auliallcnd
1052 4464 1088 4517 ist
1105 4466 1185 4529 uuolr,
1204 4466 1264 4519 dm

129 4528 230 4581 Mutina
250 4538 326 4582 untur
344 4532 474 4599 gleiolrem
500 4532 598 4584 Ilutunr
617 4533 682 4584 anui
701 4532 787 4585 Brielo
806 4549 837 4584 an
858 4533 976 4585 Herbord
994 4533 1095 4585 scndot.
1166 4532 1230 4587 ⁰1).
1246 4532 1263 4587 i.

128 4596 228 4649 Lehmr
245 4600 291 4651 der
309 4599 420 4653 blanche
439 4601 475 4670 (in
495 4601 688 4669 (Iteorgenthul).
761 4604 782 4632 ¹⁰
798 4600 904 4655 Metam.
925 4600 984 4665 vn,
1003 4599 1038 4653 20
1055 4616 1096 4669 sq.
