2774 4966
129 571 191 642 188
496 577 585 638 Briele
602 598 654 639 von
674 579 853 641 isos-1509.

133 746 174 820 ad
196 743 421 833 exhibendum,
444 755 578 839 fidelem.
623 756 649 821 Ο
672 760 705 821 te
727 755 935 831 lortimatum.
965 754 1016 821 cui
1045 754 1182 841 contigit
1204 756 1263 827 do*

131 841 282 905 micilium
306 842 422 905 studiis
445 835 609 905 idoneum!
646 842 869 924 Compertabis
891 866 956 907 rem
973 845 1142 909 librariam.
1174 846 1263 924 Quo·

131 927 192 990 ties
215 926 359 990 abditum
384 928 534 1008 quiddam
558 928 753 1009 desiderabo,
777 934 813 992 tu
830 929 907 993 mihi
923 930 1092 995 thesaurus
1108 932 1182 1008 eris,
1200 932 1262 997 hoc

133 1018 191 1089 est,
220 1014 462 1094 opera-florida.
492 1012 654 1094 sublimia„
685 1014 827 1095 jucunda
856 1006 1081 1080 commodabis.
1132 1010 1263 1083 Instant

134 1092 297 1162 nundinae
320 1096 498 1182 Lipsenses.
536 1098 612 1162 Etne
637 1101 901 1180 Volaterranum',
925 1124 993 1164 erne
1016 1101 1132 1185 Silium
1145 1117 1169 1182 ⁸,
1192 1124 1262 1168 eme

132 1182 296 1263 Gellium²‚
321 1207 388 1248 eme
404 1184 517 1247 amabo
535 1184 635 1248 hunos
658 1190 811 1249 auctores.
850 1173 1050 1252 Herebordus
1073 1189 1152 1250 satis
1175 1207 1262 1253 com·

136 1271 250 1333 modus
272 1271 343 1335 luit.
382 1270 448 1334 Sua
470 1292 590 1334 mecum
623 1272 870 1335 communicavit
926 1265 1017 1336 Nunc
1044 1273 1147 1337 duleis
1173 1295 1262 1339 com·

133 1357 308 1419 municatio
332 1357 460 1419 inacuit.
501 1356 589 1421 Unde
612 1358 654 1419 sit
670 1362 782 1420 tantus
797 1380 872 1420 acor
888 1359 934 1422 vel
951 1359 1122 1440 pertinacis
1138 1350 1260 1425 silentii

131 1441 179 1505 vel
208 1443 436 1518 contumaciae,
473 1463 535 1505 non
574 1442 726 1522 intelligo.
780 1443 845 1524 Ego
873 1445 965 1506 deum
996 1449 1104 1517 testor,
1138 1447 1261 1510 sincere

130 1527 294 1592 vobiscum
312 1530 361 1608 egi
384 1536 416 1592 et
432 1551 501 1592 surn
519 1529 691 1603 Matienus,
709 1528 812 1605 horno,
830 1535 866 1592 ut
881 1530 992 1609 loquar
1007 1531 1076 1593 sine
1088 1530 1260 1611 jactantia,

129 1613 393 1695 simplicissimus,
417 1616 600 1699 praesertim
618 1615 650 1676 in
667 1615 818 1677 amicitia.
857 1615 918 1680 Sed
936 1617 1008 1697 quis
1024 1620 1131 1700 potest
1146 1619 1258 1683 omnia

131 1699 248 1764 habere
270 1700 310 1762 ad
327 1700 548 1782 aequilibrium
573 1701 749 1783 perpensa?
783 1702 867 1765 Haec
890 1702 1086 1780 omittamus,
1112 1726 1151 1766 ne
1176 1703 1260 1768 festa

129 1790 161 1850 et
184 1785 293 1851 hilaris
322 1786 495 1869 gratulatio
528 1809 596 1851 mea
622 1787 858 1870 praeseferat
887 1788 1008 1869 aliquid
1038 1790 1147 1853 amari.
1193 1789 1260 1855 lste

134 1869 279 1937 officialis
309 1892 434 1937 crassus
461 1871 597 1955 adeptus
627 1876 676 1936 est
704 1870 735 1933 in
760 1870 819 1936 hoc
849 1872 969 1955 templo
1002 1873 1104 1938 locum
1137 1875 1259 1949 vicarii,

134 1980 227 2041 quern
262 1957 386 2043 Schoep
415 1960 509 2042 paulo
537 1964 612 2022 ante
640 1961 706 2022 vita
735 1957 903 2024 defunctus
935 1961 1084 2041 possedit.
1144 1961 1261 2044 Accipe

132 2044 262 2126 pulchre
285 2044 421 2108 dictum:
454 2042 674 2108 Salimaunus³
697 2043 831 2107 laudans
860 2045 1043 2109 defunctum
1077 2048 1119 2110 ab
1143 2048 1261 2129 opibus

134 2126 320 2210 „Pluralis“‚
343 2131 458 2212 inquit,
485 2136 571 2210 „erat
594 2131 624 2193 io
650 2130 841 2194 beneficiis*
874 2130 997 2195 Novum
1023 2154 1124 2212 genus
1147 2133 1259 2197 lauda·

130 2216 236 2280 tionis.
282 2217 349 2280 Hoc
374 2236 421 2280 me
453 2213 593 2279 rhetores
622 2239 684 2280 non
720 2216 862 2279 docuere.
909 2217 989 2293 Quid
1013 2221 1072 2281 tu?
1102 2223 1191 2300 puto,
1215 2219 1262 2282 sic

131 2301 228 2366 facies
245 2302 458 2384 epitaphium:
486 2303 563 2383 „Hic
579 2303 660 2366 situs
676 2309 725 2366 est.
740 2296 871 2384 pluralis
888 2303 919 2364 in
937 2303 1129 2367 benefieiis.“
1155 2303 1263 2368 Habet

131 2385 207 2452 salis
229 2387 349 2470 aliquid
373 2387 523 2471 epistola;
548 2411 610 2452 non
635 2389 734 2452 simus
756 2388 887 2450 hebetes
910 2394 941 2451 et
965 2391 1085 2452 rustici.
1120 2389 1259 2454 Tantum

132 2475 212 2537 mori
243 2473 352 2538 absint
379 2475 577 2555 interpretes.
622 2475 727 2538 Jocari
758 2473 832 2536 licet
864 2473 951 2536 salva
984 2495 1106 2538 morum
1139 2475 1260 2556 regula.

133 2557 387 2624 Emmanuelem*
410 2560 575 2636 salutabis,
607 2582 757 2639 magnum
787 2564 960 2622 amatorem
985 2561 1164 2633 vetustatis,
1193 2583 1262 2626 ma·

130 2665 226 2728 gnum
245 2645 340 2709 etiam
357 2647 493 2709 amicum
511 2651 542 2708 et
555 2646 644 2709 valde
661 2646 883 2709 venerandum.
910 2645 1003 2708 Dicas
1020 2647 1051 2708 in
1068 2646 1261 2710 auriculam:

133 2728 239 2812 „Tuus
264 2737 312 2795 est
339 2726 512 2808 Matienus,
547 2737 692 2812 precatur
717 2730 788 2794 tibi.
828 2752 890 2793 nou
922 2731 1020 2794 audet
1051 2732 1153 2794 dicere
1182 2732 1261 2807 tuis,

129 2817 182 2880 sed
205 2819 313 2881 tamen
336 2816 396 2881 tibi
420 2822 452 2880 et
474 2816 539 2879 tuis
563 2815 706 2881 salntem.
754 2815 832 2879 Cum
862 2816 982 2879 sedatis
1012 2818 1261 2899 tempestatibus

130 2903 221 2967 navis
245 2904 274 2966 in
300 2908 424 2984 portum
450 2904 637 2984 pervenerit,
660 2903 871 2982 largiloquum
896 2903 1043 2965 senties.“
1092 2903 1262 2966 Praeterea

131 2989 219 3054 dicas
242 2988 377 3053 salutem
402 2989 538 3051 Henrico
555 2988 758 3069 Aperbaccho
782 2991 814 3050 et
830 2986 933 3049 fratri⁶
951 3010 1004 3070 per
1019 2988 1136 3051 literas.
1166 2987 1261 3053 Uter-

130 3097 192 3157 que
214 3076 290 3138 colit
312 3095 474 3137 romanam
492 3073 643 3153 linguam.
684 3073 716 3137 Si
734 3073 893 3135 inveneris
916 3073 995 3136 alios
1012 3069 1264 3137 humanissimos

128 3161 293 3224 studentes
317 3159 482 3240 (barbaros
506 3157 583 3221 nihil
608 3158 735 3236 moror),
768 3179 850 3237 auge
880 3159 996 3238 pariter
1024 3180 1094 3221 cum
1127 3159 1264 3223 volumi-

129 3247 223 3311 nibus
246 3245 419 3309 amicorum
444 3266 618 3307 numerum.
654 3241 799 3307 Crotum⁶
823 3243 942 3315 scinde,
961 3265 1000 3305 ne
1016 3243 1160 3307 tumidus
1178 3243 1261 3326 Spa·

128 3333 249 3396 latinus
270 3331 388 3412 ineptis
410 3330 559 3394 laudibus
582 3334 790 3412 pervertatur.
836 3327 923 3391 Nihil
947 3329 1048 3409 magis
1079 3329 1173 3392 obest
1195 3328 1263 3393 No-

129 3417 220 3496 rico²‚
243 3439 339 3498 quam
363 3437 451 3478 amor
473 3416 531 3478 sui.
577 3415 650 3478 Non
675 3415 819 3477 mentior.

229 3517 290 3572 (bd.
310 3517 376 3570 Frcl.
393 3516 435 3570 87.

195 3670 209 3698 ⁸
223 3653 326 3707 Zilium.

201 3720 345 3789 ¹Raphacl
373 3720 496 3787 Maflejus
515 3735 565 3771 uon
580 3718 708 3779 volterra
731 3717 838 3785 †1521.
874 3715 1095 3769 Florentinischer
1117 3715 1263 3780 Gelehrter,

133 3779 292 3844 libersetzer
308 3789 406 3858 grieeh.
425 3791 550 3845 Autorcn.
568 3789 646 3839 untcr
663 3787 759 3838 andern
779 3787 826 3838 der
843 3786 968 3852 Odyssea
992 3783 1080 3837 Brcso.
1102 3785 1176 3838 1497.
1212 3784 1263 3838 uin

132 3874 186 3911 neu
197 3859 384 3912 erachienenes
395 3857 475 3909 Werk
495 3855 632 3908 desselben
651 3855 774 3906 wunseht
791 3853 826 3906 Μ.
841 3853 925 3906 1.Μαί
940 3853 1014 3905 1510.
1028 3853 1070 3905 Br.
1082 3853 1132 3906 367
1144 3853 1191 3906 des
1200 3852 1262 3906 uon

132 3927 236 3980 ¹Neue
260 3926 403 3994 Ausgabcn
427 3926 473 3977 des
497 3924 577 3976 Silius
599 3923 707 3975 Italicus
730 3924 783 3974 und
807 3921 908 3974 Gellius
930 3921 1084 3973 erachienen
1107 3920 1165 3974 Par.
1187 3920 1262 3976 lboe.

132 3995 217 4049 ³J0h.
237 3994 399 4059 Salrzmann,
419 3993 593 4046 (lothaischer
611 3991 768 4068 Knoonilrcr,
787 3990 860 4057 Segi
871 3992 943 4043 ttar.
962 3988 1031 4041 Hist.
1046 3989 1121 4041 Goth.
1136 3990 1176 4041 ed
1186 3988 1262 4042 Tenc.

90 4118 95 4127 ’
127 4063 492 4185 u‘ltttntttattal
506 4059 637 4180 trau
656 4056 1262 4203 “ututittfdtttutrltuttlt‘!

128 4200 231 4253 veneris
250 4199 315 4252 ahos
334 4198 539 4251 humanissimos
557 4197 703 4248 studentes·
724 4196 765 4246 ciri
783 4210 877 4262 purger·
896 4194 942 4246 Lei
961 4210 1032 4260 urget
1052 4193 1196 4248 Gelehrter.
1228 4192 1264 4247 Er

126 4268 198 4336 gicht
217 4269 283 4321 1509
301 4283 335 4320 an
353 4265 454 4319 blutian
473 4265 514 4317 ein
525 4265 685 4331 Epigrarnnr,
705 4265 751 4314 das
771 4265 855 4336 elieser
875 4265 924 4314 den
942 4211 1080 4314 ireiinuen
1099 4261 1190 4334 Foban
1208 4261 1262 4315 und

127 4338 221 4390 Crotus
240 4336 331 4404 aeigen
350 4333 406 4386 soll.
442 4333 477 4386 Μ,
496 4333 600 4385 eelrielrt
618 4348 646 4382 os
664 4347 696 4383 an
715 4333 766 4383 den
786 4332 926 4383 Knrsiichs.
945 4329 1004 4395 Hos,
1033 4346 1072 4382 wo
1097 4344 1127 4382 es
1145 4329 1263 4397 spatam

128 4405 175 4458 aut
183 4405 229 4457 iles
240 4404 396 4457 Kortiirsten
408 4401 528 4454 Wunsclr
540 4401 580 4452 ius
590 4400 724 4451 lleutsche
735 4401 873 4451 illiersetat.
894 4398 1096 4451 t,'an1er.Liliell.
1109 4414 1170 4451 nov.
1183 4396 1207 4453 K
1217 4398 1256 4451 2a

127 4474 168 4527 Im
186 4473 209 4526 J.
226 4471 293 4526 1512
310 4472 403 4524 treffen
422 4470 471 4521 wir·
488 4469 533 4521 ihn
552 4468 579 4521 in
598 4467 686 4520 Erturt
704 4468 758 4520 und
777 4467 843 4520 1513
862 4468 889 4519 in
907 4466 981 4519 Rom.
1012 4466 1126 4519 Brn2sa.
1145 4467 1199 4520 ‘266
1217 4466 1264 4519 des

127 4541 189 4596 Cod.
208 4536 460 4607 Kampechulte,
471 4537 554 4591 Univ.
565 4536 617 4589 Ert.
630 4536 651 4594 L
663 4538 712 4588 177
732 4540 864 4588 vermutet
875 4537 952 4586 unter
962 4535 1022 4587 dem
1032 4534 1136 4589 Numen
1152 4533 1265 4598 Haben,

126 4606 528 4664 dochohnehaltberannrud
560 4603 808 4674 *vasileus
837 4602 1083 4672 rugianam.
1116 4600 1264 4672 'sinuum
