2774 4966
380 617 486 677 Mutian
504 635 538 674 en
555 616 656 675 Urban.
690 615 818 688 Agricola
835 637 869 674 eu
887 616 999 676 ltntiau.
1188 622 1251 690 319

129 818 197 861 esse
226 794 411 860 coenobium
435 793 454 855 i.
478 816 504 856 e.
520 804 534 832 ⁸
555 792 653 856 vitam
676 791 833 869 socialem,
865 793 1096 858 fraternitatem
1126 793 1251 859 christi·

129 904 233 959 anam,
265 886 297 944 et
322 881 417 961 juxta
443 877 644 960 Pythagorae
676 879 805 942 verbum
840 879 1012 943 amicorum
1044 881 1151 943 omnia
1184 903 1252 945 esse

130 967 321 1032 communia.
368 964 429 1029 Sed
453 964 526 1028 nolo
551 966 757 1045 profluentius
780 963 955 1046 objurgare,
980 988 1018 1028 ne
1041 966 1148 1029 videar
1174 967 1253 1030 mibi

127 1076 251 1118 sumere
283 1073 457 1114 censuram.
502 1049 568 1113 Sub
592 1051 674 1113 idem
705 1051 768 1113 fere
797 1056 923 1132 tempus
957 1052 1104 1114 effossum
1128 1058 1195 1116 erat
1218 1055 1249 1116 iu

128 1141 189 1203 boc
205 1138 393 1203 coemeterio
407 1139 421 1175 b
437 1142 534 1217 caput
549 1136 716 1199 femineum
734 1136 837 1199 adhuc
853 1136 1044 1218 capillatum.
1084 1138 1144 1201 ulii
1160 1138 1251 1203 aliter
1269 1168 1273 1179 ·

128 1227 305 1309 prodigium
342 1223 643 1304 interpretabantur.
688 1221 768 1284 Nam
802 1223 1015 1302 superstitiosi
1048 1223 1250 1301 dictitabant,

128 1312 264 1395 puellam
290 1311 383 1372 istam
415 1329 544 1371 ornasse
575 1328 696 1370 comam
720 1308 770 1370 die
793 1306 911 1386 fest0,⁰
933 1313 970 1371 ut
996 1309 1132 1391 placeret
1165 1333 1251 1375 ama-

127 1399 264 1461 toribus
312 1395 446 1458 Proinde
470 1396 515 1456 sic
536 1394 607 1456 lusi.

231 1481 377 1561 Turpiter
400 1478 484 1543 hirta
506 1479 582 1560 quid
605 1482 655 1542 est
676 1478 844 1542 defunctae
866 1479 955 1542 calva
978 1478 1124 1561 puellae?

273 1566 415 1629 Lascivis
437 1566 540 1629 luerat
563 1565 691 1627 vendita
714 1564 815 1628 forma
837 1567 949 1647 procis,

230 1652 352 1733 Pyxide
374 1650 536 1714 contracta
559 1650 671 1714 rutilos
694 1651 814 1713 nutrire
836 1651 966 1731 capillos

274 1738 381 1801 desine
405 1759 462 1800 nec
485 1736 566 1800 fucis
589 1736 691 1812 infles,
716 1737 812 1818 virgo,
836 1743 941 1819 caput.

130 1825 199 1888 Alia
222 1829 271 1887 est
294 1847 363 1887 mea
385 1823 555 1897 sententia,
579 1844 659 1903 quae
683 1823 842 1903 sequitur:

231 1910 317 1972 Heid
340 1908 428 1986 mihi,
451 1930 544 1990 quam
569 1930 702 1990 magnus
726 1909 907 1971 dominatur
930 1909 1089 1973 mentibus
1111 1911 1213 1974 error!

273 1995 344 2059 Non
368 2001 520 2078 superest,
544 1995 628 2077 quod
651 1995 694 2057 sit
715 1995 817 2057 tincta
840 1994 952 2070 colore,
976 2017 1074 2060 coma.

232 2080 334 2145 Carbo
357 2082 446 2161 niger
470 2103 548 2156 seru,
579 2081 732 2163 putrescit
754 2101 823 2143 sero
846 2081 989 2160 capillus,

275 2168 360 2231 crine
383 2167 465 2248 perit
487 2167 582 2230 citius
604 2188 717 2248 corpus
741 2165 835 2228 inane
858 2166 971 2230 tuum.¹

129 2253 243 2331 Habes
267 2253 342 2334 quid
368 2253 481 2335 vulgus
504 2252 634 2334 etquid
658 2273 715 2333 ego
738 2252 883 2314 sentiam.

282 2353 344 2407 Cod.
362 2352 429 2406 Frcf.
448 2353 505 2406 331.

129 2540 244 2595 urosrau.
652 2525 722 2588 260.
1056 2542 1081 2593 4.
1100 2541 1154 2594 Juu
1174 2544 1248 2598 1513.

468 2650 664 2736 Agrieclu²
687 2671 735 2720 au
758 2649 912 2720 Muticu.

129 2780 368 2847 (Eutsclruldr'pnup
385 2780 470 2832 setores
488 2781 580 2847 langen
601 2780 760 2847 bblrrrcr'prrm
776 2779 827 2832 mir
842 2778 980 2847 pehdrcstmr
1008 2779 1248 2849 Berroflcuesrlu'r'ltmr

402 2850 458 2901 und
476 2849 649 2918 Enrpsclrlunp
666 2849 709 2900 das
728 2849 838 2902 Stcur'sl.
858 2850 982 2914 ›tou-rere.)

200 2963 468 3013 Excellentissimo
486 2965 553 3013 viro
571 2964 713 3013 Muticno
730 2961 811 3013 Rufo
830 2962 999 3024 Gregorius
1016 2962 1172 3024 agricole.

229 3073 260 3137 S.
307 3075 396 3138 Hanc
430 3080 504 3139 ante
538 3074 600 3138 alia
634 3076 755 3138 veniam
787 3098 904 3159 precor,
935 3080 970 3139 ut
999 3074 1145 3155 ignoscas
1178 3097 1249 3158 pro-

127 3167 273 3243 peranter·
302 3168 334 3224 et
364 3183 426 3225 non
462 3168 525 3225 tam
557 3184 596 3224 ex
625 3166 765 3244 tempore
797 3184 892 3243 quam
925 3184 965 3224 ex
998 3182 1082 3224 mero
1117 3161 1247 3245 (morem

127 3248 229 3309 dicere
252 3245 350 3324 volui)
373 3247 533 3311 scribenti.
577 3248 746 3328 Indignum
767 3251 847 3312 enim
865 3250 968 3311 visum
984 3252 1033 3311 est
1047 3247 1135 3327 mihi,
1152 3268 1246 3329 quom

126 3339 250 3415 praeter
279 3334 458 3414 opinionem
483 3356 517 3396 se
539 3333 717 3408 obtulisset,
750 3335 803 3414 qui
826 3335 865 3397 ad
889 3339 922 3397 te
944 3335 1046 3396 iturus
1079 3334 1246 3411 videretur,

126 3441 188 3482 nou
213 3419 410 3482 consalutare
434 3417 701 3482 amantissimum³
731 3421 808 3483 mihi
838 3426 935 3500 atque
967 3440 1090 3501 semper
1123 3442 1246 3483 summu

127 3507 244 3568 bonore
283 3507 357 3567 mihi
396 3504 597 3568 alliciendum
643 3513 885 3589 praeceptorem.
946 3504 1062 3568 Fateor
1096 3527 1145 3568 me
1183 3527 1245 3569 non

127 3615 237 3671 vacare
261 3592 362 3673 culpa,
386 3592 440 3671 qui
464 3598 513 3654 tot
536 3613 636 3654 annos
659 3592 736 3655 nihil
761 3591 948 3673 scripserim.
995 3590 1056 3653 Sed
1087 3613 1168 3672 quae
1189 3597 1247 3655 tua

126 3678 226 3759 pietas
266 3683 313 3740 est
347 3678 378 3739 in
412 3699 531 3753 omnes,
569 3678 659 3740 dabis
697 3679 821 3740 reniam
856 3698 919 3739 non
952 3682 1106 3758 occupato
1140 3678 1244 3755 modo,

126 3786 231 3826 rerum
263 3785 384 3845 semper
408 3765 438 3826 in
464 3763 521 3825 hus
543 3775 679 3826 omnes⁰
712 3785 813 3826 annus
846 3763 1101 3844 occupatissimo.
1147 3763 1245 3839 Quem

125 3850 266 3912 laborum
292 3872 430 3911 meorum
455 3850 612 3912 cumulum
638 3871 721 3912 nunc
751 3853 847 3929 auget
880 3849 985 3911 nescio
1020 3868 1101 3928 quae
1135 3870 1245 3931 parum

125 3936 262 4018 propitia
296 3936 431 4011 fortuna,
467 3958 548 4016 quae
578 3957 640 3998 nnn
673 3935 891 3998 llinoianamf
921 3933 1013 3997 modo
1037 3934 1068 3996 in
1094 3957 1142 3997 me
1172 3957 1245 3999 cen-

125 4043 241 4095 suram,
275 4043 379 4083 verum
413 4026 445 4084 et
475 4022 506 4082 in
538 4021 755 4103 spiritualibus
788 4021 975 4085 vicariatum
1010 4020 1126 4102 injecit,
1161 4025 1245 4104 quod

193 4241 207 4268 o
220 4226 236 4277 i.
256 4242 277 4277 e.
296 4225 357 4292 setall
375 4225 416 4276 troi
435 4226 508 4277 Tenc.
578 4225 742 4280 beimitcrio.
812 4226 880 4278 odie
899 4227 964 4278 festo
981 4224 1043 4291 setall
1061 4223 1102 4277 bei
1120 4224 1193 4277 Teuc.

124 4299 138 4337 d
153 4295 212 4347 Heu
232 4294 305 4347 Teuc.
375 4310 491 4347 eburnos
508 4293 571 4360 fehlt
588 4295 629 4346 bct
648 4294 721 4346 Teuc.
795 4294 955 4347 ‘Minoiauu

195 4367 202 4395 ¹
221 4363 255 4416 M.
275 4364 370 4416 erkbirt
387 4365 433 4416 das
453 4363 606 4430 ungebliclre
625 4365 743 4416 Wunder
761 4379 811 4415 ron
830 4363 890 4415 dem
908 4363 976 4415 wohl
996 4362 1145 4416 erhulteuen
1158 4361 1244 4416 llaarc

124 4434 171 4486 der
188 4432 284 4485 Leicho
302 4434 349 4485 aut
365 4433 539 4485 naturlichcrn
558 4433 655 4499 tt'egc:
680 4431 738 4484 weil
760 4432 825 4484 cbcn
849 4433 896 4485 dos
919 4431 1023 4485 l'leisclr
1041 4433 1104 4484 chor
1123 4432 1189 4486 tuult
1206 4432 1245 4485 als

126 4503 173 4555 dos
191 4503 307 4554 sclrwarz
325 4503 438 4569 genuino
457 4502 535 4555 lluan
606 4506 616 4534 ²
634 4505 730 4569 (tregru
748 4505 777 4553 Α.
798 4501 824 4552 in
845 4499 960 4553 Brcslau.
996 4500 1020 4553 S.
1041 4501 1090 4554 293
1109 4504 1139 4556 A.
1160 4502 1183 4554 2.

126 4571 359 4624 ’Amantissimus
392 4572 458 4623 uach
488 4572 548 4623 dom
575 4570 711 4639 Vergungu
737 4568 803 4622 alter
828 4569 983 4622 lnscluifteu
1012 4570 1155 4637 gebrauclrt
1181 4573 1244 4624 statt

125 4639 309 4694 amarissimus.
346 4641 421 4692 luch
440 4641 465 4692 in
485 4640 527 4692 llr.
547 4639 593 4692 ab:
612 4638 808 4693 cruentissimus
826 4639 914 4698 abbas.
934 4656 958 4691 u.
977 4642 1000 4692 ϋ.
