2774 4966
380 101 386 112 v
436 102 439 107 ¹
461 112 465 117 ¹
475 101 476 104 ¹

388 137 389 140 ¹
480 140 481 148 r

31 39 985 316 u

382 626 490 680 Mation
508 640 543 679 au
562 623 682 679 Voltakc.
717 623 824 682 lintion
842 637 877 675 an
896 609 996 676 Urban.
1192 616 1256 683 555

126 798 328 866 considerent
364 799 459 861 etiam
498 794 591 859 nobis
630 793 782 876 permitti,
819 799 856 856 nt
892 791 1036 873 legamus
1082 789 1255 872 „Requiem
1324 814 1332 823 ·

123 881 331 951 aeternam.“'
379 882 577 962 Quamquam
601 880 744 961 opinioni
776 876 953 941 Gothorum
985 897 1063 940 aura
1095 875 1256 956 popularis

124 971 225 1055 magis
248 968 387 1033 arrideat
409 989 505 1050 qoam
527 966 584 1029 lux
606 965 760 1029 veritatis.
806 961 850 1027 Ut
870 963 965 1026 istam
988 983 1062 1043 ergo
1086 961 1255 1041 caliginem

125 1056 346 1129 discutiamus,
370 1052 459 1115 effice
482 1072 610 1135 quaese,
626 1056 662 1114 ut
678 1071 771 1113 suum
789 1048 956 1112 nobiscum
973 1047 1114 1112 officium
1133 1046 1255 1110 devoti-

124 1141 225 1207 onarii
249 1139 494 1204 communicent.
538 1136 623 1200 Vale.
671 1135 717 1198 Ad
742 1133 807 1199 Cal.
832 1133 955 1199 Junias.

281 1240 343 1295 Coe.
361 1238 428 1293 mos.
447 1237 506 1291 483.

128 1411 244 1479 (oona)
654 1398 728 1466 491.
1036 1415 1058 1469 1.
1077 1414 1141 1468 June
1159 1415 1257 1484 (1515).

503 1527 646 1598 Mutian
669 1548 718 1598 an
744 1527 883 1600 Urban.

130 1655 233 1722 (bran
248 1656 312 1710 ather
329 1656 372 1710 dia
389 1657 560 1724 Polyantheo.
595 1657 666 1710 aaa
676 1675 724 1710 cem
740 1657 870 1725 Ora'qencs,
887 1656 979 1724 Oyra‘ll,
998 1656 1128 1719 Bmaliua
1147 1655 1261 1709 masma·

136 1724 264 1779 Cononaa
299 1725 362 1789 aaa,
380 1725 430 1778 dea
447 1725 615 1795 Nepotsbnns
632 1726 702 1778 nach
719 1726 788 1778 Rom
805 1743 843 1778 aaa
859 1725 985 1778 echichen.
1027 1723 1260 1792 Umam'adenaeit

227 1794 279 1846 mit
296 1794 354 1847 dem
376 1794 490 1850 curator
507 1793 644 1848 Mntlhdua
661 1794 719 1848 aad
734 1793 785 1848 mit
809 1793 926 1847 Voltakcs
945 1793 1161 1862 dimetiendum.)

175 1907 216 1957 Η.
235 1907 363 1960 Urbano
381 1909 542 1970 magistro,
559 1921 725 1958 oeconomo
744 1907 962 1969 aeormvalus,
979 1907 1078 1958 amico
1096 1919 1218 1969 semper

497 1993 676 2044 venerando
695 1990 749 2061 (Μ.
767 1990 891 2061 Rufus).

233 2102 265 2167 S.
311 2103 476 2180 Quietem
501 2102 555 2166 diu
579 2104 701 2167 detinet
724 2103 908 2185 Petrejanas
929 2101 1077 2168 literas?²
1123 2102 1171 2165 Ao
1196 2102 1259 2167 illis

132 2194 180 2252 est
206 2189 313 2252 aditus
342 2189 555 2254 interclusus?
600 2188 738 2271 Tempus
768 2189 872 2272 poscit
903 2193 935 2252 et
962 2210 1021 2271 ego
1043 2210 1131 2270 rogo,
1155 2191 1191 2253 ut
1214 2188 1261 2252 di·

132 2276 241 2338 mittas
274 2279 307 2338 et
339 2275 439 2338 simul
470 2273 623 2338 exhibeas
661 2272 914 2356 Polyantlream,⁸
952 2295 1032 2356 opus
1069 2275 1191 2339 varium
1225 2278 1259 2338 et

131 2360 219 2434 utile,
244 2360 364 2423 sicum
386 2360 505 2441 judicio
529 2360 661 2442 legatur.
707 2361 823 2425 lterum
851 2361 954 2443 legam
979 2367 1010 2424 et
1033 2359 1168 2441 signabo
1185 2358 1260 2423 'tibi

132 2446 239 2527 capita
260 2467 365 2510 rerum
388 2447 420 2509 io
444 2446 502 2509 tris
526 2449 629 2510 tomos
653 2446 834 2529 digerenda,
857 2446 1123 2528 quamadmodum
1154 2466 1260 2509 coram

131 2532 292 2608 admonui,
321 2532 352 2596 id
384 2537 432 2595 est
459 2536 496 2596 nt
522 2552 664 2613 seorsum
695 2532 838 2609 colloces,
867 2553 949 2613 qnae
971 2532 1011 2595 ad
1033 2532 1169 2596 virtutes
1191 2552 1264 2613 per·

131 2618 246 2694 tinent,
269 2638 395 2699 separes
417 2618 566 2682 vitiorum
590 2618 702 2682 titulos
725 2623 757 2682 et
779 2619 812 2682 in
836 2619 932 2682 tertia
953 2617 1056 2682 classe
1084 2637 1185 2700 ponas
1212 2639 1260 2694 ea,

132 2723 214 2784 quae
236 2707 312 2765 sont
334 2702 503 2784 ambiguae
526 2707 629 2775 notae,
653 2703 768 2786 partim
792 2703 940 2767 videlicet
957 2702 1130 2768 virtutibus
1146 2703 1260 2780 vicina,

132 2788 304 2870 partimin
330 2789 412 2851 viam
437 2788 585 2852 vitiorum
614 2787 746 2863 deflexa,
776 2794 812 2853 ut
834 2792 884 2853 est
905 2788 1058 2864 studium,
1090 2787 1261 2863 industria,

132 2893 221 2937 amor
247 2877 280 2936 et
306 2872 338 2935 id
367 2894 468 2954 genus
500 2875 677 2938 annotatio.
723 2875 875 2939 Petebam
910 2873 1057 2957 Origenis
1088 2877 1120 2938 et
1153 2871 1262 2956 cyrilli

132 2979 237 3040 opera.
282 2958 373 3021 Felix
402 2958 456 3022 ille
487 2965 545 3036 est,
576 2960 632 3040 qui
663 2981 726 3024 non
757 2960 849 3035 ludis,
870 2959 961 3042 jocis,
985 2958 1206 3041 voluptatibus
1228 2962 1262 3023 et

135 3044 257 3109 frivolis
287 3044 382 3107 rebus
415 3044 568 3120 intentus,
590 3045 646 3108 sed
669 3046 884 3110 ecclesiastica
916 3045 1083 3126 disciplina
1118 3044 1262 3109 eruditos

133 3129 300 3193 inmundi
328 3129 427 3193 totius
454 3131 724 3211 contemplatione
751 3130 1005 3212 philosophatur.
1051 3130 1129 3212 Legi
1161 3150 1262 3211 nuper

134 3215 367 3279 nudiustertius
388 3219 421 3279 et
443 3214 510 3279 heri
533 3216 673 3296 regulam
697 3213 729 3279 S.
752 3215 926 3279 Benedicti.
973 3215 1050 3291 Quis
1078 3236 1141 3279 non
1167 3214 1263 3279 rabu-

134 3301 234 3363 larum
260 3299 429 3380 magnifica
452 3305 484 3362 at
508 3299 661 3364 insidiosa
685 3301 780 3364 verba
810 3304 1026 3365 contemneret
1059 3301 1120 3364 hac
1151 3303 1264 3364 sancta

135 3386 200 3449 stili
223 3385 442 3449 moderatione
457 3387 609 3465 gustata?
655 3385 774 3450 Ultimo
791 3387 894 3468 capite
911 3386 1031 3449 mentio
1046 3386 1084 3450 fit
1100 3385 1138 3450 de
1153 3385 1262 3467 regula

135 3469 167 3534 S.
191 3471 290 3553 patris
313 3470 432 3536 Basilii.
478 3470 653 3552 Utramque
676 3470 784 3546 babes,
808 3472 893 3535 illam
917 3471 1043 3552 egregie
1064 3470 1264 3536 circumfusis

135 3557 370 3620 commentariis
403 3555 604 3629 declaratam,
636 3556 718 3619 hanc
751 3558 783 3621 ni
812 3556 904 3621 fallor
931 3555 1049 3620 nudam
1072 3561 1104 3620 et
1126 3556 1264 3620 brevem.

134 3642 204 3705 Non
240 3641 373 3704 deerunt
406 3640 467 3704 tibi
499 3639 622 3705 Erasmi
656 3640 802 3705 Capones
835 3640 944 3706 eodem
967 3641 1033 3705 fere
1055 3640 1264 3723 spectantes‘

134 3727 205 3790 Non
241 3727 331 3807 perit,
366 3725 449 3808 quod
484 3725 561 3789 mihi
595 3726 696 3790 offers.
753 3726 884 3792 Utinam
918 3747 1031 3791 vacare
1062 3726 1124 3790 tibi
1155 3726 1266 3809 liceret

135 3815 275 3875 veterum
293 3810 392 3875 libris.
438 3811 509 3875 Non
527 3832 611 3876 esses
628 3812 760 3877 minima
776 3811 877 3892 gloria
892 3810 1142 3877 coenobitarum.
1176 3812 1264 3877 Idem

137 3895 250 3960 scribit
274 3896 311 3959 de
334 3899 366 3958 te
389 3895 584 3970 Tiloniuus,³
607 3897 727 3980 alioqui
751 3898 844 3962 dicax
866 3901 899 3960 et
920 3896 1123 3980 petulantior.
1161 3897 1267 3980 Nepo-

135 3985 243 4045 tianus
259 3979 349 4044 tuus⁶
367 4003 444 4045 cave
461 3982 545 4047 domi
562 3982 745 4047 retineatur.
791 3982 954 4047 Habemus
970 3982 1090 4047 Romae
1105 3981 1265 4066 Petrejum

136 4072 168 4130 et
183 4064 402 4130 Focarianos.⁷
447 4067 573 4132 Fricare
595 4067 697 4130 mulas
719 4070 836 4150 potest.
882 4066 996 4132 Currat
1018 4069 1058 4132 ad
1081 4066 1217 4132 calcaria
1235 4071 1267 4133 et

136 4151 243 4227 faciat,
282 4151 366 4232 quod
404 4153 442 4215 tit
478 4151 651 4233 adjuvante
688 4152 811 4235 Petrejo
849 4157 882 4216 et
919 4153 1031 4216 ceteris
1075 4153 1264 4217 fautoribus.

208 4288 215 4318 ¹
234 4287 265 4338 D.
283 4285 300 4337 i.
319 4285 492 4339 Seelmaeeen.
565 4286 574 4318 ²
591 4285 664 4337 Uber
682 4286 725 4338 die
742 4285 829 4339 Briete
848 4287 894 4340 des
911 4286 942 4340 P.
960 4303 1009 4340 aua
1027 4286 1094 4340 Rom
1113 4302 1146 4339 an
1164 4285 1266 4339 uuum

137 4353 188 4406 vl.
214 4353 239 4407 S.
259 4355 309 4407 379
328 4356 358 4406 Α.
379 4356 400 4407 1.
472 4353 576 4407 ⁵Noeh
603 4352 701 4406 eiumal
729 4355 847 4406 erwbhnt
873 4354 916 4407 Br.
944 4357 1004 4419 515,
1031 4355 1141 4408 wonach
1168 4370 1196 4407 es
1223 4354 1266 4407 eiu

165 4422 299 4489 anuscript
322 4421 425 4475 Urbane
448 4437 509 4474 war.
580 4422 591 4453 ⁴
608 4421 690 4475 Wobl
707 4421 751 4474 die
768 4422 976 4477 Lucubmtionea
1002 4423 1079 4488 1509,
1096 4421 1267 4476 erbaulichen

136 4489 262 4554 Inhaltes,
280 4489 467 4543 iuebcsondere
484 4489 533 4565 das
550 4489 621 4542 auch
638 4488 740 4542 einzelo
758 4491 938 4551 erachieoeue,
948 4493 975 4543 io
986 4489 1106 4544 Cauoues
1116 4489 1267 4560 eiugcteilte

136 4557 308 4680 ξιιέῑέιήᾱίοῧη
326 4557 417 4612 christ.
435 4556 536 4612 militis.
607 4555 660 4612 οΒ.
679 4557 732 4612 540
749 4560 780 4611 A.
798 4558 822 4613 2.
892 4557 948 4614 ⁸8.
965 4558 1020 4613 552
1038 4561 1071 4611 ὲ»
1084 4558 1116 4612 2.
1179 4557 1283 4620 Νη).
