2774 4966
551 634 655 690 Mutian
673 651 706 690 an
728 635 826 691 Urban.
1180 626 1242 702 373

128 808 270 886 facerem,
302 809 386 890 quod
418 813 467 874 est
496 810 708 887 manifestum,
740 808 853 891 quanti
884 810 925 873 sit
949 831 986 874 ac
1008 830 1130 891 semper
1155 808 1251 873 fuerit

128 915 259 975 esseque
282 894 397 959 debeat
419 897 467 959 tui
490 897 573 977 apud
598 919 647 960 me
670 896 857 974 reverentia,
887 900 1028 977 quantus
1058 895 1132 959 item
1160 916 1250 960 meus

127 1001 201 1061 erga
228 985 260 1043 te
282 1002 379 1044 amor.
426 983 618 1046 Auctoritati
654 987 737 1046 certe
771 988 803 1045 et
837 982 982 1046 solertiae
1015 987 1090 1045 tuae
1125 985 1249 1046 tantum

127 1067 244 1141 tribue,
267 1071 304 1130 ut
327 1090 346 1130 a
369 1068 501 1132 consilio
524 1073 580 1132 tuo
604 1068 773 1132 dissentire
796 1069 885 1149 quasi
910 1068 998 1131 nefas
1015 1089 1083 1131 esee
1098 1088 1252 1132 censeam.

128 1152 190 1216 Sed
214 1152 274 1216 hoc
304 1175 401 1216 unum
433 1177 495 1217 non
528 1176 656 1236 possum
686 1154 745 1218 tibi
777 1177 840 1218 non
873 1154 1049 1228 ostendere,
1083 1175 1176 1236 quam
1211 1154 1254 1218 sit

129 1238 267 1302 alienum
291 1262 309 1303 a
334 1241 508 1304 commodis
538 1241 666 1316 nostris,
695 1241 778 1322 quod
806 1240 995 1305 Ditmarum¹
1026 1244 1075 1304 tot
1101 1241 1252 1321 competi·

127 1325 250 1389 toribus
281 1327 474 1408 praetuleris.
531 1327 610 1390 Huic
641 1326 691 1405 (de
721 1327 861 1391 moribus
895 1327 973 1390 nihil
1007 1326 1140 1408 dicam),
1179 1326 1253 1391 huic

128 1411 258 1493 inquam
293 1412 421 1476 turbido
455 1412 574 1477 homini
608 1413 839 1478 habitationem
872 1413 904 1476 in
935 1413 1028 1477 domo
1057 1435 1128 1478 mea
1157 1413 1252 1494 quin·

128 1497 267 1578 quennio
291 1498 452 1562 collocasti
475 1499 599 1581 adjecta
622 1499 816 1578 conditione,
839 1503 876 1563 ut
897 1498 956 1562 llll
978 1521 1090 1563 aureos
1106 1519 1251 1563 nummos

128 1583 260 1647 diversis
291 1584 485 1667 temporibus
517 1586 548 1648 in
577 1586 785 1649 necessariam
822 1586 934 1649 domus
961 1585 1160 1651 refectionem
1192 1585 1250 1649 im·

128 1669 255 1752 pendat,
294 1672 442 1734 nutantia
480 1670 605 1749 fulciat,
640 1672 789 1735 restituat
827 1671 1018 1735 collabentis
1055 1676 1087 1735 et
1122 1671 1251 1736 omniuo

128 1756 225 1819 faciat
248 1757 342 1821 aedes
365 1763 467 1821 sartae
498 1761 608 1821 tectas.
655 1757 763 1821 Placet
795 1757 855 1822 hoc
889 1763 1015 1840 paetum
1051 1761 1250 1822 conventum.

129 1842 208 1906 Acta
253 1843 436 1924 comprobo.
498 1842 742 1908 Concordamus
801 1843 919 1908 Eadem
962 1866 1051 1908 mens
1088 1866 1157 1908 mea
1193 1849 1250 1908 eet.

129 1927 363 1992 Perseverurem
389 1929 420 1992 in
445 1930 505 1993 hoc
528 1952 605 2013 puro
629 1930 754 2011 placito,
775 1930 835 1994 nisi
852 1930 968 1993 vestita
991 1935 1022 1993 et
1043 1929 1251 1996 intolerabilis

129 2015 268 2078 conditio
303 2016 474 2079 accederet.
530 2015 609 2080 Nam
644 2016 794 2097 obligasti
829 2039 878 2080 me
912 2017 1058 2080 cantione
1091 2015 1250 2098 chirogra-

127 2100 247 2184 pharia,
271 2106 318 2179 ut,
341 2103 368 2164 si
391 2103 542 2166 alteruter
566 2104 646 2166 diem
670 2124 761 2166 suum
785 2103 889 2167 obiret
904 2103 988 2166 intra
1003 2103 1139 2186 spatium
1157 2103 1250 2185 quin·

128 2188 267 2269 quennii‚
303 2192 530 2252 testamentum
564 2195 596 2253 et
630 2189 838 2270 fidejussores,
873 2189 935 2253 imo
969 2189 1250 2253 fideicommissarii

126 2280 310 2338 tenerentur
326 2276 499 2358 superstiti.
540 2276 659 2339 Durum
673 2276 713 2339 id.
755 2275 861 2340 Officii
878 2298 915 2339 ea
931 2275 1054 2340 cautela
1070 2282 1102 2339 et
1117 2276 1248 2339 mordet.

128 2359 162 2424 Si
188 2361 364 2442 inquilinus
387 2361 464 2424 mihi
489 2384 550 2425 non
576 2363 684 2437 credit,
716 2385 770 2425 cur
798 2384 856 2443 ego
880 2361 991 2425 carebo
1022 2362 1249 2444 quinquennali

129 2447 366 2530 pensitatione?
410 2447 523 2512 Melius
556 2454 586 2511 et
621 2448 746 2512 civilius
781 2454 873 2519 esset,
905 2452 941 2512 ut
975 2448 1057 2512 hono
1088 2456 1118 2511 et
1148 2470 1249 2531 aequo

128 2537 299 2597 contentus
322 2534 462 2597 futurum
495 2535 626 2598 arbitrio
655 2537 760 2616 gravis
790 2535 882 2598 amici
909 2534 1139 2598 aestimandum
1174 2535 1248 2597 diri·

127 2620 341 2700 mendumque
358 2620 558 2702 relinqueret.
605 2621 734 2697 Quaerit
749 2621 1000 2697 satisdationem,
1016 2621 1140 2702 quaerit
1157 2620 1250 2684 vafri·

123 2707 199 2769 tiae.
245 2705 333 2769 Misit
367 2709 535 2771 notarium.
591 2707 660 2770 Non
695 2707 818 2770 admisi.
871 2706 962 2770 Haud
997 2707 1091 2771 dubie
1124 2707 1183 2771 tibi
1218 2711 1249 2771 et

127 2792 205 2856 mihi
238 2793 453 2874 impositurus.
498 2793 584 2857 Nihil
616 2794 764 2876 proficiet.
810 2793 890 2856 nudi
925 2791 1192 2875 Summeringum²
1216 2796 1249 2857 et

126 2878 271 2942 rescribe.
319 2879 447 2943 Vicariis
478 2880 704 2962 potiusquam
732 2879 882 2944 nebuloni
913 2879 1120 2962 acquiescam.
1164 2877 1246 2944 Nolo

127 2973 231 3028 tamen
272 2970 361 3029 tuum
391 2968 422 3028 in
452 2965 511 3029 hac
545 2989 576 3028 re
616 2965 780 3029 consilium
814 2966 930 3030 clausis
961 2970 998 3030 ut
1028 2965 1119 3049 ajunt
1148 2965 1248 3030 oculis

127 3053 324 3134 pertransire.
371 3051 453 3116 Vale.
500 3052 604 3116 Pridie
627 3051 690 3116 Cal.
717 3051 802 3133 Sept.
826 3050 969 3116 MDXlll.

279 3153 340 3207 Cod.
363 3152 427 3208 lhcl.
449 3152 506 3207 186.

128 3341 242 3410 (oona.)
504 3316 508 3325 ’
649 3327 720 3391 302.
975 3344 1010 3412 (n.
1030 3343 1053 3395 1.
1072 3342 1153 3412 Sept.)
1175 3343 1247 3397 1513.

497 3453 640 3523 lintion
663 3475 711 3523 an
732 3454 871 3525 Urban.

128 3582 189 3641 (Dte
207 3599 255 3634 ren
273 3582 394 3635 lreunmr
410 3584 538 3650 cerlnnpte
565 3584 695 3636 Gerontia
711 3583 759 3649 fiir
775 3584 824 3635 den
844 3581 971 3648 Todesfoll
987 3581 1059 3634 areret
1078 3580 1113 3632 Μ.
1132 3581 1173 3633 ute
1190 3580 1248 3634 eine

198 3651 360 3718 tenbeqneme.
378 3669 432 3704 11111
449 3670 506 3705 rom
525 3652 689 3705 Mr'eslrouen
706 3651 868 3720 einqepedeue
888 3650 1042 3717 Fordemnq
1059 3650 1178 3716 curuare.)

308 3766 435 3816 Urbano
454 3768 621 3827 oameeimo,
639 3767 707 3818 vtro
725 3767 870 3827 primerio
888 3765 932 3816 Μ.
950 3764 1060 3816 Rufus.

233 3877 264 3942 S.
309 3878 413 3942 Pridie
444 3879 552 3944 Nonas
588 3877 782 3962 Septembris
815 3877 901 3940 venit
930 3877 970 3941 ad
999 3898 1048 3940 me
1076 3874 1192 3958 hospes
1215 3878 1247 3937 et

128 3963 305 4045 inquilinus
329 3972 435 4030 noster
458 3965 548 4031 Titus
564 3961 696 4030 Marius³
712 3965 839 4046 egitque
855 3985 975 4027 meeum
994 3963 1032 4026 de
1048 3960 1247 4025 habitatione

128 4049 161 4112 in
185 4050 277 4115 domo
300 4073 379 4128 mea,
411 4073 504 4133 quam
528 4054 589 4134 ipsi
611 4053 820 4117 collocaveras
850 4050 882 4113 in
918 4047 1181 4131 quinquennium,
1210 4050 1247 4110 ut

128 4137 311 4217 pensionem
338 4139 605 4221 quinquennalem
628 4140 660 4201 in
685 4141 875 4201 structuram
907 4135 1114 4199 necessariam
1142 4140 1245 4196 trans·

128 4222 223 4287 ferret
245 4225 303 4288 sub
327 4224 386 4288 hac
410 4225 607 4289 conditione:
632 4229 668 4288 ut
690 4223 717 4286 X
740 4244 851 4286 aureos
873 4222 973 4306 primo
996 4243 1079 4285 anno
1103 4223 1246 4301 erogaret

127 4331 166 4373 ac
189 4309 379 4375 collabentia
402 4312 535 4390 fulciret,
560 4312 683 4375 duobus
705 4311 796 4374 annis
824 4307 1029 4391 sequentibus
1059 4305 1195 4388 reliquos
1216 4302 1244 4366 X

128 4548 230 4603 Maean
257 4551 360 4603 scherzt
385 4553 450 4603 oster
476 4551 540 4603 iiber
564 4550 605 4602 die
624 4539 800 4618 Ubertretung
827 4548 873 4600 dcr
899 4543 1120 4614 hliiuchsgeliibdc
1146 4541 1245 4594 scitans

127 4618 239 4674 Urbane.
269 4619 327 4686 Vql.
346 4619 388 4672 Β1.
410 4621 459 4675 140
476 4619 591 4674 Schluss.
620 4618 677 4672 275.
749 4617 827 4670 ¹Dar
844 4615 1017 4669 Hausmictor.
1047 4611 1107 4682 Vgl.
1126 4626 1182 4664 vor.
1199 4608 1244 4664 Br.

129 4686 418 4758 1181136111.
489 4688 639 4742 'Dietmen
676 4685 733 4755 Vgl.
754 4702 807 4741 vor.
826 4685 869 4740 Β1.
