2774 4966
399 29 1331 293 l.-

126 632 188 695 184
507 631 595 685 Briete
613 648 664 685 von
684 631 860 684 isos-1511.

126 801 213 864 venit
238 807 274 864 555
296 823 413 864 aranea
443 823 577 864 55555555.
624 801 757 864 Publius
773 799 914 864 Licinius
937 797 1080 881 pontifex
1099 799 1265 863 maximus

127 887 282 950 Vestalem
302 888 465 967 virginem,
489 888 573 967 quod
591 888 727 967 quadam
746 893 838 949 555555
856 906 967 966 parum
985 884 1121 964 diligens
1136 885 1263 948 aeterni

127 974 210 1053 ignis
227 978 335 1035 custos
352 974 476 1045 fuisset,
493 974 599 1052 flagris
616 973 797 1053 castigavit.
845 970 995 1033 Aemiliae
1010 991 1082 1033 vero
1099 970 1264 1034 maximae

128 1058 260 1138 virginis
294 1057 521 1138 negligentiam
554 1059 713 1119 exstincto
749 1057 815 1136 igni
848 1063 951 1119 tutam
975 1054 1016 1116 ab
1038 1057 1124 1117 omni
1155 1076 1264 1136 repre·

128 1143 281 1206 hensione
303 1142 417 1205 Vestae
446 1164 562 1204 uumeu
592 1143 759 1222 praestitit.
806 1141 875 1216 Qua
905 1141 1059 1204 adorante
1089 1161 1161 1203 cum
1191 1162 1263 1203 car·

127 1228 251 1302 basum,
280 1249 374 1324 quarn
403 1228 555 1307 optimam
588 1227 736 1298 habebat
768 1226 872 1289 loculo
904 1225 1121 1323 imposuisset
1149 1225 1263 1289 subito

130 1312 212 1392 ignis
235 1313 373 1374 emicuit.
352 1312 550 1392 5155555555
575 1311 650 1375 Vrst
636 1318 688 1375 555
714 1311 834 1373 auxilio
860 1310 951 1373 Tuct'
929 1316 1022 1373 trae·
1043 1310 1177 1392 virginis
1202 1310 1263 1373 Ve-

128 1397 220 1459 stalis
244 1398 356 1458 incesti
379 1398 520 1458 criminis
543 1419 613 1458 5555
637 1398 769 1458 55555555
797 1396 946 1458 infamiae
974 1395 1059 1458 nube
1087 1390 1264 1458 obscurata

129 1482 267 1543 emersit
314 1482 400 1555 Quae
431 1482 628 1543 eonseientia
656 1487 739 1542 55555
773 1481 966 1544 sinceritatis
994 1502 1070 1544 suae
1098 1501 1186 1561 spem
1211 1502 1264 1543 sa·

130 1565 209 1629 lutis
233 1566 365 1646 ancipiti
382 1572 569 1647 argumento
586 1588 663 1627 ausa
680 1571 785 1647 petere
800 1571 857 1627 est.
906 1569 1038 1647 Arrepto
1054 1565 1137 1628 enim
1156 1565 1263 1629 cribro

132 1650 266 1730 „Vesta“
294 1653 399 1731 inquit
425 1652 469 1731 ,55
493 1652 591 1713 555555
613 1652 677 1713 5555
701 1655 806 1713 castas
836 1672 958 1731 semper
981 1650 1107 1713 admovi
1135 1671 1260 1723 manus,

131 1737 221 1798 effice
253 1739 289 1798 ut
322 1735 404 1798 15555
434 1735 577 1798 hauriam
601 1759 617 1796 e
641 1735 745 1798 ’1115555
779 1757 893 1817 aquam
917 1740 950 1797 et
972 1737 1005 1798 in
1028 1736 1137 1798 aedem
1171 1739 1262 1799 555555

128 1819 328 1903 perferam.“'
366 1821 449 1883 Rata
483 1831 557 1883 vota
591 1821 676 1883 fuere
711 1823 878 1901 precantis.
924 1819 1056 1884 Orosius
1088 1820 1170 1883 libro
1207 1820 1262 1884 111.

131 1911 207 1969 nota
174 1906 481 1969 tatmiserabilefat
448 1913 535 1969 atum
554 1928 602 1987 555
596 1907 715 1968 usdam
734 1904 893 1968 Minervae
909 1906 1082 1969 sacerdotis
1099 1904 1263 1969 Vestalis.²

129 1990 262 2053 Livius
256 2013 287 2052 55
304 1991 401 2053 XXII
407 1989 417 2023 ³
435 1992 530 2053 dicit:
559 1929 603 2069 ,ll
590 1995 664 2053 luae
690 1992 829 2054 Vestales
853 2013 889 2053 eo
912 2013 996 2054 anno
1020 1991 1147 2072 0555555
1162 1996 1264 2073 atquo

133 2076 335 2139 Floroniast
305 2077 407 2157 stupri
431 2083 640 2157 compertae·
634 2076 732 2138 altera
756 2075 853 2139 subt
840 2083 965 2152 terram,
989 2081 1025 2139 ut
1048 2096 1116 2139 mos
1138 2082 1197 2153 est,
1222 2076 1263 2141 551

131 2167 256 2238 portam
281 2159 435 2224 Collinam
462 2167 573 2224 necata
598 2161 710 2235 fuerat,
733 2162 833 2224 altera
855 2160 1012 2224 sibimetb
1033 2163 1103 2243 ipsa
1126 2125 1263 2225 mortem

130 2248 338 2309 consciverat.
314 2247 501 2309 51555555
535 2247 692 2309 Cantilius
726 2247 831 2309 scriba
864 2247 1060 2328 pontificum,
1098 2247 1153 2344 qui
1189 2268 1264 2311 cum

131 2331 339 2394 Vlororriat
310 2337 454 2411 stuprum
490 2333 602 2405 fuerat
580 2337 644 2393 ta
669 2340 755 2414 pont.
789 2354 871 2395 max
904 2354 940 2396 55
966 2354 1070 2480 psque
1100 2333 1201 2430 uirgis
1230 2333 1263 2396 55

132 2418 262 2480 comitio
286 2440 397 2479 caesus
414 2422 527 2493 erat,u
530 2418 643 2479 tintcr
659 2418 788 2480 verbera
805 2419 988 2499 exspiraret.
996 2417 1176 2480 “Domit
1153 2423 1265 2483 555555

130 2525 201 2565 cum
226 2503 368 2565 ocellatis
403 2467 613 2577 sororibus,i
606 2510 678 2565 rtem
710 2503 887 2566 Varronillae
916 2502 1095 2566 Vestalibus
1126 2501 1263 2568 liberum

131 2589 241 2651 mortis
264 2589 461 2670 permisisset
447 2589 592 2650 5551555Ι
554 2593 650 2650 trium
676 2595 938 2670 corruptoresque
954 2610 1061 2651 earum
1079 2588 1264 2670 relegasset,

130 2695 203 2736 mox
230 2672 408 2736 Corneliam
433 2675 586 2753 virginem
617 2676 787 2737 maximam
817 2674 997 2737 absolutam
1029 2674 1115 2748 olim,
1147 2674 1266 2737 dehinc

131 2759 226 2840 longo
250 2759 417 2821 interuallo
440 2760 606 2841 repetitam
630 2766 727 2841 atque
752 2761 930 2822 convictam
955 2760 1062 2823 defodi
1092 2760 1264 2841 imperavit

131 2850 393 2926 stupratoresque
417 2845 485 2925 ejus
508 2846 538 2906 in
557 2845 687 2908 comitio
703 2845 743 2906 ad
761 2866 867 2907 necem
887 2846 983 2907 caedi.
1029 2846 1118 2908 Hanc
1134 2866 1264 2909 saevam

132 2935 164 2992 et
188 2937 325 2992 atrocem
352 2932 542 2992 coertionem
568 2929 691 2993 Plinius
713 2930 826 2992 Juuior
849 2930 991 2993 scribens
1015 2931 1055 2993 ad
1078 2929 1265 2995 Cornelium

132 3014 246 3078 Minu
225 3021 347 3078 5555555
371 3016 417 3078 sic
439 3021 544 3078 taxat:
555 3014 698 3096 „Cum
724 3014 901 3078 Corneliam
931 3014 1161 3079 Maximillam“
1195 3016 1266 3097 (5155

131 3101 282 3182 legunt„
289 3102 460 3163 maximam
487 3100 716 3164 Vestalem“b.
741 3123 777 3177 e,
802 3112 838 3165 ut
861 3123 946 3165 5555
970 3101 1140 3183 loquimur,
1163 3102 1266 3166 abba·

131 3187 255 3264 fissam)
291 3186 456 3266 „defodere
489 3188 591 3249 vivam
623 3187 835 3266 concupisset,
864 3192 900 3249 ut
930 3187 985 3268 qui
1014 3187 1168 3250 illustrari
1195 3208 1266 3251 sue·

131 3271 236 3334 culum
262 3293 353 3334 suum
371 3271 526 3351 ejusmodi
543 3272 695 3353 exemplis
712 3272 931 3348 arbitraretur,
953 3272 1115 3355 pontificis
1133 3274 1265 3337 maximi

129 3356 198 3438 jure
221 3380 276 3419 seu
301 3358 407 3437 pot-ius
433 3359 630 3419 immanitate
654 3359 790 3437 tyranni,
817 3358 945 3421 licentia
969 3359 1099 3431 domiui,
1124 3358 1266 3438 reliquos

134 3442 301 3522 pontifices
325 3464 387 3504 non
412 3443 443 3503 in
469 3443 610 3521 Regiam,
635 3443 688 3504 sed
706 3444 737 3504 in
757 3442 911 3506 Albanam
929 3443 1035 3505 villam
1055 3445 1266 3519 convocavit3

134 3529 326 3590 5555555555
352 3528 467 3589 scelere
491 3550 585 3608 quam
609 3529 692 3608 qnod
710 3528 821 3590 ulcisci
839 3528 1006 3591 videbatur
1029 3529 1197 3591 absentem
1216 3530 1266 3591 in·

133 3613 339 3694 auditamque
358 3614 521 3675 damnavit
534 3613 656 3687 incesti,
669 3635 740 3675 cum
754 3614 821 3695 ipse
833 3612 896 3676 Titi
910 3613 1017 3677 fratris
1029 3614 1126 3677 liliam
1141 3614 1266 3678 incesto

134 3719 197 3761 non
215 3696 381 3779 5511555555
395 3699 496 3761 solum
514 3721 621 3761 verum
639 3699 734 3760 etiarn
752 3699 935 3778 occidisset;
950 3721 1022 3761 nam
1036 3699 1132 3761 vidua
1148 3699 1265 3763 abortu

134 3783 236 3865 periit.
215 3783 371 3846 tltlissi
388 3785 462 3846 stat'
455 3806 497 3846 rm
516 3784 691 3864 pontifices
713 3805 766 3863 qur
760 3784 1005 3847 defodiendam
1023 3785 1267 3867 necandamque

135 3873 290 3931 curarent
268 3868 393 3931 51115
418 3891 501 3931 nunc
522 3870 560 3931 ad
585 3868 657 3931 Vest
644 3874 709 3930 tam
732 3891 816 3931 nunc
839 3870 951 3931 adt
901 3891 935 3930 ce
938 3874 1022 3931 teros
1050 3869 1125 3932 deos
1150 3891 1266 3933 manus

136 3953 270 4015 tendens
286 3954 395 4015 multa..
421 3955 473 4015 sed
492 3954 550 4015 1555
567 3954 822 4035 frequentissime
846 3953 1046 4017 clamitabat:
1071 3954 1130 4029 ,llle
1148 3952 1267 4018 Caesar

133 4039 286 4101 incestam
333 4043 436 4119 putat,
482 4060 545 4119 qna
579 4060 668 4102 sacra
713 4039 849 4101 faciente
896 4040 984 4113 vicit,
1031 4038 1265 4120 triumphavit)

133 4124 306 4187 Blandiens
331 4124 408 4186 lraec
431 4147 471 4186 an
496 4124 639 4200 irridens,
669 4146 708 4185 ex
731 4124 848 4186 fiducia
871 4146 928 4187 sua
951 4146 1055 4187 ern-ex
1078 4131 1266 4206 contemptu

135 4210 287 4306 principis
323 4210 448 4281 dixerit,
483 4209 614 4272 dubium
651 4214 707 4271 est.
684 4209 853 4283 tDixit,
887 4210 988 4272 donec
1010 4210 1051 4272 ad
1074 4208 1267 4291 supplicium

137 4296 242 4357 nescio
266 4318 305 4356 an
332 4296 492 4367 innocens,
517 4301 601 4357 certe
625 4300 776 4374 tanquam
802 4294 934 4357 nocens⁵
958 4295 1054 4357 5155555
1077 4301 1134 4357 555.
1181 4295 1266 4371 Quin

201 4428 481 4480 11)55551’1“555·5“55·55.
553 4427 712 4511 1551555555

207 4497 290 4549 ¹V.al
310 4495 379 4549 Max
399 4496 471 4559 V,lll
493 4499 515 4553 l
535 4498 558 4547 ·’5.
613 4495 764 4547 ’11555555
784 4501 856 4548 ltro..
876 4494 1066 4561 Η555555111,9.
1121 4495 1268 4563 3(155515

135 4564 241 4617 ‘Plinii
260 4564 324 4632 1155.
344 4564 390 4619 IV.
411 4567 450 4615 11.
523 4563 579 4615 'ln
601 4578 696 4614 unsern
716 4564 855 4631 1555555555
879 4563 1025 4616 1555555555
1052 4562 1179 4618 innocens
1202 4566 1269 4620 stau

136 4649 240 4688 nocens.
276 4633 410 4686 1555555555
428 4631 532 4684 55155555
549 4633 596 4685 das
616 4631 743 4699 tric-hugo
