2774 4966
389 25 1339 297 ι.-

129 603 192 668 442
547 605 634 663 brien
653 607 699 666 des
716 606 741 667 J.
763 606 834 666 15¹4.

132 788 249 858 (oona.)
656 781 728 848 372.
941 799 1000 867 (vor
1017 800 1058 854 ao.
1079 800 1143 854 suu
1163 800 1265 869 rnrep

509 888 652 960 Mutina
675 911 723 962 un
746 891 885 963 Urbau.

137 993 191 1066 (Du
208 994 289 1052 Russ’
308 999 366 1052 und
383 995 556 1054 traiecturae
576 999 627 1053 tud
643 998 787 1066 beeoratrht,
805 1001 906 1056 werden
924 1002 980 1056 vlt-re
999 1002 1138 1070 Psrir’nden
1149 1003 1234 1057 erled'
1249 1008 1267 1056 t.

139 1067 176 1122 Ob
193 1063 230 1121 M.
247 1066 306 1120 siclt
324 1067 459 1130 beeeroen,
484 1069 514 1120 ob
532 1087 560 1121 er
577 1086 614 1122 un
633 1069 759 1138 clpatrutn
784 1069 917 1124 schreiben
943 1071 999 1124 uolt.
1035 1071 1093 1125 Dea
1118 1071 1201 1140 Kaus

311 1136 455 1191 aucuerre
473 1138 523 1191 soll
546 1137 635 1193 Urban
653 1139 721 1192 nach
744 1139 902 1194 Gutdic‘nlcen
918 1141 1092 1209 vernettum.)

312 1251 509 1303 Perhumano
526 1253 610 1314 perri
627 1252 725 1305 Henr.
743 1253 871 1306 Urbano
889 1252 943 1320 (Μ.
961 1252 1082 1320 Rufus).

235 1362 267 1426 S.
314 1361 392 1426 Cum
418 1364 574 1428 videretur
597 1366 707 1447 auriga
741 1366 892 1447 postridie
922 1365 1064 1430 facturus
1094 1367 1163 1439 iter,
1196 1367 1266 1448 epi·

132 1449 246 1512 stolam
262 1449 355 1513 citius
368 1449 417 1512 die
431 1450 574 1514 Mercurii
589 1452 747 1528 texebam,
760 1471 853 1533 quam
867 1457 1078 1534 coquerentur
1089 1449 1266 1533 asparagi.²

132 1528 288 1598 Sulcum
313 1529 405 1598 bodie
437 1533 584 1599 vidissem
616 1537 647 1599 in
680 1559 769 1601 sacro
801 1529 1006 1618 Margarita&
1038 1535 1133 1601 choro
1167 1538 1266 1611 (itum

132 1625 180 1682 est
203 1620 285 1682 enim
311 1641 346 1683 eo
371 1622 430 1683 loci
455 1623 678 1704 supplicatum,
696 1628 731 1686 ut
746 1623 885 1706 pluviam
904 1623 1048 1705 frugibus
1064 1623 1266 1695 eliceremus)

130 1727 261 1787 puerum
286 1707 455 1770 unoculum
480 1709 539 1770 tibi
565 1715 675 1772 notum
699 1711 935 1790 cognitumque,
961 1709 1032 1772 misi
1056 1707 1265 1784 Vulcanum·

130 1797 167 1853 ut
190 1790 297 1855 literas
320 1797 484 1873 repeteret.
531 1792 592 1857 Eas
616 1816 674 1876 ego
697 1794 784 1858 nullo
815 1795 920 1871 modo,
951 1815 1143 1875 quamquam
1168 1793 1268 1858 utilia

132 1881 163 1941 et
188 1877 365 1940 necessaria
388 1879 563 1952 continent,
588 1881 771 1960 refrigerato
795 1879 956 1944 scribendi
972 1881 1094 1962 impetu
1110 1884 1142 1942 et
1157 1879 1268 1943 calore

132 1984 216 2026 nunc
239 1963 299 2025 tibi
322 1963 515 2041 exhiberem,
546 1965 607 2028 nisi
629 1965 773 2040 Publius,
806 1966 969 2029 familiaris
1001 1969 1107 2029 noster
1129 1970 1161 2028 et
1185 1986 1267 2028 con-

131 2049 242 2123 victor,
257 2056 383 2130 propter
400 2052 554 2129 quaedam
573 2071 689 2130 magna
705 2053 834 2133 negotia
850 2051 1007 2132 legaretur
1019 2050 1058 2113 ad
1072 2055 1113 2113 te.
1147 2050 1267 2116 Videor

131 2134 209 2197 mihi
239 2135 354 2209 videre,
386 2136 427 2197 mi
462 2135 597 2211 Urbane,
629 2143 852 2218 exspectantes
883 2143 915 2200 et
947 2136 1054 2199 Russi⁸
1079 2139 1110 2199 et
1133 2136 1267 2199 Daune·

132 2217 259 2282 bacchi‘
296 2223 439 2284 mortem.
498 2219 600 2285 Habet
638 2222 690 2285 illo
724 2223 911 2286 canonicum
947 2222 1146 2293 beneficium,
1181 2221 1266 2286 aiter

131 2305 320 2386 parochiale.
366 2305 446 2369 Illud
482 2306 649 2372 conserunt
684 2309 850 2390 principera,
885 2308 944 2371 hoe
981 2304 1144 2371 vestales!
1192 2305 1265 2370 Tuo

130 2391 207 2455 mibi
237 2391 369 2455 consilio
395 2392 484 2456 valde
507 2414 595 2476 opus.
643 2394 724 2457 Audi
749 2394 809 2457 hoo
831 2397 951 2457 secreto
974 2400 1006 2456 et
1030 2397 1133 2456 tecum
1163 2392 1265 2456 habe:

129 2481 205 2541 sunt
232 2479 287 2561 qui
317 2478 426 2541 dicant
461 2477 642 2542 Musardum
680 2479 745 2543 fore
781 2477 963 2561 pastorem.⁶
1008 2478 1078 2540 Non
1112 2478 1265 2558 equidem

130 2563 256 2626 invideo
288 2563 408 2627 bomini
442 2564 535 2628 docto
566 2571 598 2627 et
628 2566 775 2646 religioso
810 2564 969 2628 fortunam
1005 2563 1263 2627 sublevatricem.

132 2647 193 2714 Sed
219 2650 314 2713 miror
338 2649 506 2713 connivere
529 2651 732 2729 Duronium,⁹
756 2673 826 2714 cum
844 2650 961 2713 habeat
978 2654 1118 2731 nepotes.
1155 2648 1263 2712 'l'uum

131 2756 203 2799 vero
236 2735 397 2799 silentium
429 2736 531 2817 magis
559 2737 704 2800 demiror.
750 2735 784 2799 Si
809 2737 903 2811 voles,
941 2734 1118 2816 impetrabo
1152 2755 1265 2815 preces

130 2821 311 2904 primarias3
346 2823 394 2884 sin
427 2827 533 2885 autem
565 2822 612 2884 vis
642 2828 678 2885 ut
701 2822 864 2895 dormiam,
900 2842 960 2884 non
997 2820 1159 2893 laborabo,
1184 2841 1264 2883 con-

132 2911 241 2971 tentus
265 2929 295 2969 re
321 2929 398 2979 mea,
423 2908 551 2971 tametsi
576 2908 668 2971 bonis
693 2908 766 2970 viris
789 2928 879 2990 opem
900 2928 1000 2969 essem
1019 2906 1141 2969 laturus
1156 2907 1264 2969 auctis

134 2994 252 3056 nostris
266 3005 280 3033 ⁸
303 2993 521 3056 facultatibus
568 2992 679 3057 Verum
700 2993 777 3056 haeo
801 2999 837 3056 ut
858 2992 965 3055 omnia
987 2995 1021 3054 tu
1048 2991 1169 3054 melius.
1216 2991 1264 3053 De

131 3078 298 3161 Spalatino
327 3079 404 3160 quid
435 3079 557 3142 sentis?
589 3080 677 3142 visne
707 3079 853 3155 scribam,
886 3083 921 3141 ut
950 3077 1085 3158 vigilet?
1136 3076 1263 3157 Pauper

130 3171 163 3228 et
185 3164 298 3228 flebilis
322 3164 398 3246 quid
416 3164 539 3228 Gotliae
557 3164 673 3228 faciet?
717 3164 834 3227 Vellem
858 3163 1065 3227 nibilominus
1086 3163 1263 3225 eanonicus

129 3250 180 3314 hic
207 3255 300 3314 esset.
347 3250 409 3314 Sed
440 3272 548 3312 vereor
579 3255 687 3313 notam
709 3252 814 3331 gentis
837 3254 869 3312 et
896 3247 1102 3330 sanguinis.¹⁰
1145 3247 1263 3311 Jndica

131 3342 177 3413 tu,
201 3335 319 3419 parebo
343 3336 411 3398 tibi.
459 3336 578 3397 Vivunt
600 3337 703 3398 adbuc
728 3336 877 3416 praedicti
903 3333 1125 3397 valetudinarii
1158 3355 1262 3396 senes.

136 3421 197 3487 Sed
222 3421 414 3486 multisunt
442 3420 613 3484 candidati.
659 3421 728 3484 Non
759 3435 863 3482 tamen
895 3421 1018 3499 egerint
1047 3419 1183 3481 multum
1214 3421 1262 3482 vel

136 3531 186 3572 me
217 3506 265 3570 vel
297 3506 465 3588 Spalatiuo
500 3511 635 3587 petente.
691 3505 800 3569 Potest
833 3506 953 3587 aliquid
988 3504 1159 3567 muneralis
1193 3526 1262 3567 am-

130 3592 227 3667 bitus,
264 3596 398 3674 possunt
430 3592 557 3656 tricaeb
589 3591 788 3655 Morianae.''
846 3590 912 3653 Nos
946 3595 1052 3652 tamen
1086 3594 1172 3652 recta
1210 3591 1264 3653 via

128 3679 319 3760 gradiemur.
355 3679 400 3741 De
416 3675 606 3759 emptione¹²
623 3678 721 3758 pudet
736 3699 785 3740 me
802 3676 977 3739 verborum.
1014 3675 1094 3751 Quid
1112 3675 1264 3755 quaeris?

194 3828 208 3855 ⁸
224 3813 291 3867 meis
311 3811 385 3865 reu.
456 3811 575 3865 btn'cho.

198 3885 205 3913 ¹
223 3882 273 3934 Die
291 3882 349 3934 Zoit
366 3881 430 3949 iolgt
449 3896 496 3933 aus
515 3881 561 3932 dor
579 3878 773 3945 Vergloiohung
790 3894 842 3930 von
861 3877 904 3930 Br.
923 3878 982 3941 407,
1001 3878 1047 3929 der
1071 3877 1096 3928 in
1118 3878 1170 3929 deu
1189 3877 1262 3945 Sept

129 3951 196 4003 1514
223 3950 287 4012 fiillt,
314 3951 395 4002 sovvio
422 3966 469 4001 aus
496 3949 542 4000 der
568 3948 735 4013 Ernvihnuug
760 3947 807 3999 des
831 3947 982 3998 Gosobenlrs
1002 3947 1044 3997 itii·
1061 3944 1190 3998 Hersfeld.

163 4019 302 4071 ²»Datum
325 4019 445 4081 celerius,
473 4033 552 4084 quam
576 4015 695 4082 asparagi
720 4019 876 4081 coquuntur«
896 4014 990 4066 datiert
1008 4014 1110 4066 Mutian
1128 4014 1198 4066 auelr
1216 4012 1263 4067 Br.

127 4088 169 4140 84.
206 4088 360 4153 Aussprucb
389 4091 505 4154 Augusts
533 4085 599 4137 nach
627 4084 698 4136 Suet.
727 4087 794 4150 Aug.
813 4085 854 4134 87.
926 4082 1008 4134 ⁸Iler
1026 4082 1125 4134 Kirohe
1144 4081 1170 4134 S.
1190 4081 1262 4134 Mar·

127 4156 251 4225 garothne
274 4157 300 4206 in
319 4155 412 4208 Gotho.
483 4157 493 4185 ⁴
510 4153 626 4205 Mutians
645 4152 741 4203 Dieuor
759 4151 842 4203 nobon
862 4150 979 4203 Publius.
1017 4151 1042 4203 S.
1062 4152 1113 4203 416
1132 4153 1163 4202 A.
1183 4153 1208 4203 3.

162 4225 215 4277 ⁶8.
235 4224 285 4277 205
303 4227 333 4278 Α.
355 4227 376 4278 l.
447 4222 501 4274 ⁰S.
523 4224 554 4274 15
575 4224 605 4272 A.
626 4223 648 4273 1.
721 4220 800 4286 'llus
820 4218 1028 4272 Nonueuklostor
1046 4218 1072 4271 S.
1091 4219 1191 4271 Crucis.

163 4294 232 4345 ἈΒ
258 4292 432 4345 Dauuebuehs
455 4290 542 4353 Stella,
562 4291 604 4340 die
624 4306 673 4340 von
692 4289 738 4340 der·
756 4288 873 4340 Abtissin
898 4287 1064 4354 Margarethu
1089 4291 1177 4351 (unter
1201 4287 1264 4338 dem

127 4361 266 4414 Patronate
291 4361 337 4413 des
363 4360 445 4412 Abtes
468 4375 519 4411 von
547 4357 732 4422 Goorgenthul)
760 4356 895 4407 vorliclrou
922 4355 1019 4407 u'urde.
1046 4413 1056 4421 ..
1091 4356 1174 4407 lDor·
1201 4354 1263 4408 ebt.

127 4429 152 4482 S.
174 4430 222 4482 108
243 4432 272 4481 Α.
294 4433 315 4482 1.
389 4430 410 4460 ¹⁰
427 4428 481 4479 Dor
498 4425 673 4478 unelreliclren
691 4425 797 4476 Goburt.
834 4424 858 4475 S.
877 4424 910 4475 65
929 4426 959 4475 Α.
978 4425 1002 4475 4.
1040 4423 1172 4475 Abulioho
1191 4427 1264 4476 Aus-

127 4497 241 4567 lussuug.
270 4497 391 4550 31:230.
448 4498 467 4527 ¹¹
486 4496 539 4548 Dos
557 4494 653 4546 Morus
682 4493 707 4545 S.
727 4493 760 4544 38
778 4496 844 4545 Α.4
880 4492 905 4544 S.
925 4494 974 4545 267
995 4496 1024 4544 n.
1045 4492 1085 4546 10.
1141 4493 1161 4523 ¹²
1180 4491 1263 4545 Eiues

127 4566 294 4619 Gescbankos
312 4567 355 4617 fiir
371 4564 501 4630 Horsfeld,
520 4579 566 4615 um
584 4563 678 4615 desseu
696 4562 802 4614 Ankaut
823 4562 870 4613 der
894 4560 1027 4629 geldarme
1051 4560 1153 4614 blutian
1177 4560 1262 4614 sehon

126 4635 192 4692 oster
208 4635 316 4689 ersuoht
342 4635 421 4688 butte.
459 4632 518 4702 Vgl.
538 4631 581 4686 Br.
600 4632 659 4685 365.
679 4628 737 4685 368.
