2774 4966
373 626 478 682 Matina
496 642 530 680 an
547 620 677 696 Petrejue.
712 622 816 682 Mutina
834 642 868 680 an
887 626 1043 696 campagus.
1190 624 1252 691 347

140 800 283 882 optabat,
307 800 448 865 fucatum
471 805 503 864 et
525 800 686 877 blandum,
713 801 768 864 sed
791 823 943 864 severum.
989 800 1151 882 Castigavi
1173 822 1255 865 mor-

137 887 308 951 dacitatem
331 887 635 969 impudentissimam
659 886 867 969 hortatusque
889 883 968 959 sani,
1000 893 1035 951 ut
1058 909 1162 951 amore
1184 887 1254 951 Mu-

137 995 240 1036 sarum
265 973 442 1054 ignosceret
470 971 596 1036 Proteo'
622 979 653 1036 et
675 973 867 1054 palinodiam
898 978 1039 1037 cantaret
1062 994 1098 1037 ac
1114 973 1185 1037 dein
1208 974 1255 1037 la-

137 1059 206 1122 tino
231 1060 336 1141 potius
359 1058 480 1122 homini
508 1081 601 1141 quam
626 1059 753 1122 frivolae
776 1058 988 1141 sophistarum
1017 1060 1178 1124 doctrinae
1201 1061 1255 1123 ad·

138 1145 289 1209 haereret.
335 1144 430 1208 Porro
454 1146 525 1209 dedi
549 1146 724 1222 consilium,
747 1150 784 1208 ut
806 1147 917 1209 ceteris
933 1146 1049 1227 eclogia
1071 1145 1160 1209 daret
1175 1150 1255 1209 tem-

138 1253 197 1313 pus
221 1231 434 1312 refrigerandi,
459 1254 520 1295 non
545 1232 766 1313 praecipitaret
795 1232 975 1295 editionem.
1021 1231 1055 1295 Si
1078 1254 1175 1295 sanus
1198 1237 1255 1311 est,

139 1316 381 1401 obtemperabit,
418 1319 443 1381 si
476 1318 622 1392 insanus,
655 1318 775 1380 irritavi
808 1317 984 1381 crabrones.
1029 1317 1089 1380 Pro
1120 1317 1255 1400 Speculo

139 1400 319 1466 Selestano²
344 1402 432 1466 dabit
455 1404 514 1467 tibi
537 1404 670 1486 pretium
704 1403 989 1467 Urbanusnoster
1020 1427 1087 1467 meo
1118 1406 1252 1468 nomine.

137 1488 213 1553 Vere
236 1489 406 1571 pretiosum
431 1495 480 1552 est
502 1495 533 1552 et
557 1510 641 1552 nunc
656 1510 777 1552 crucem
802 1490 980 1570 religiosius
997 1490 1064 1553 colo
1081 1496 1112 1553 et
1128 1512 1252 1554 scenam

136 1575 287 1638 libentius
310 1575 443 1638 intueor.
489 1575 568 1638 lllud
592 1596 656 1650 oro,
681 1580 716 1637 ut
738 1575 868 1638 alteram
886 1598 1011 1658 quoque
1034 1598 1158 1639 scenam
1181 1576 1253 1642 Jani

136 1661 289 1725 Reuchlin
315 1682 383 1724 curn
409 1661 605 1725 enarratione
620 1659 821 1724 Simleriaua³
837 1663 999 1744 perquiras
1016 1667 1047 1725 et
1064 1684 1149 1726 emas
1166 1662 1252 1726 mihi.

137 1748 253 1810 Vellem
277 1747 464 1810 haberemus
487 1747 645 1811 novicium
668 1746 807 1810 libellum
831 1747 870 1810 N.
894 1749 970 1811 clari
993 1747 1106 1811 Elvetii
1120 1760 1135 1788 ⁸
1156 1770 1256 1830 nuper

135 1856 155 1896 a
178 1833 312 1897 Caesare
334 1833 366 1895 in
391 1832 522 1897 Colonia
546 1833 718 1914 Agrippina
740 1831 909 1897 coronati.⁴
954 1834 1076 1898 Dicitur
1091 1856 1159 1898 esse
1181 1856 1255 1917 geo-

136 1919 274 2002 graphus
297 1924 328 1982 et
345 1921 434 1983 valde
450 1921 569 2002 peritus
592 1920 803 2000 antiquitatis.
849 1919 980 1985 Omilias
996 1920 1175 2003 Hieronymi
1199 1945 1254 1984 ex-

135 2011 252 2088 specta.
298 2004 396 2070 Faxit
423 2006 509 2083 deus,
544 2011 578 2069 ut
602 2005 677 2068 felix
700 2006 743 2069 sit
772 2009 828 2069 tua
857 2005 916 2068 tibi
940 2011 972 2070 et
994 2006 1095 2079 nobie,
1129 2009 1183 2089 qui
1205 2008 1254 2072 tui

134 2114 252 2169 sumus,
277 2091 450 2156 literatorie
473 2091 693 2173 peregrinatio,
739 2091 823 2155 Vale.
869 2091 930 2155 Vll.
954 2091 1053 2156 Eidus
1076 2091 1221 2162 Sextiles.

286 2193 347 2248 t'od.
366 2191 432 2246 Frcf.
452 2193 509 2247 340.

135 2420 248 2490 (cotia.)
655 2402 726 2466 284.
1024 2422 1047 2477 τ.
1066 2424 1132 2491 nug.
1157 2421 1253 2493 (1513).

463 2529 607 2602 hlutian
629 2550 677 2600 an
701 2528 934 2617 oampegusr

134 2662 218 2727 (Trost
242 2662 304 2715 iiber
322 2661 399 2713 einen
426 2660 623 2728 rurpla'wllirhcu
651 2660 843 2713 Recitaliaudel.
883 2660 984 2714 Gordiu
1009 2660 1045 2714 iat
1066 2678 1253 2730 rreppepaupeu.

134 2731 242 2785 Tiberin
258 2730 327 2782 rainl
343 2730 423 2798 lrcstip
442 2747 490 2783 roa
506 2731 556 2784 deri
572 2729 710 2782 Barbarae
728 2729 857 2797 bedrdrrgt.
891 2730 1036 2798 Carnpcpns
1055 2729 1089 2784 ist
1106 2731 1147 2784 als
1159 2730 1254 2785 Scriba

423 2817 468 2852 ror
484 2799 587 2852 solclrca
611 2797 805 2865 Wechsellie'llea
819 2797 963 2867 pasalan.)

235 2929 315 2981 Jano
334 2929 488 2991 compago
505 2929 626 2981 scribae
645 2929 754 2987 fiscali,
772 2930 870 2981 amico
886 2930 1018 2981 literarfl
1036 2929 1153 2982 ordinis

606 3016 651 3067 M.
669 3014 779 3067 Rufus.

234 3127 266 3193 S.
312 3125 477 3191 Sancitum
501 3133 549 3192 est
573 3129 604 3191 in
628 3128 752 3210 legibus
774 3126 999 3204 Romanorum,
1022 3128 1140 3192 nullam
1164 3149 1250 3211 emp·

131 3216 252 3281 tionem
275 3215 344 3278 sine
367 3214 468 3296 pretio
492 3237 561 3278 esse
584 3236 685 3296 posse.
718 3213 894 3279 Vendidisti
916 3213 1043 3278 tabulas
1065 3212 1252 3299 philosopho

134 3301 362 3366 instructrices
397 3299 484 3364 Petis
506 3301 651 3383 pretium.
675 3299 806 3384 Emptor
828 3301 902 3365 dare
925 3300 1066 3383 negligit.
1101 3300 1168 3366 Itur
1183 3299 1251 3384 ejus

135 3388 179 3453 rei
202 3409 276 3468 ergo
311 3386 343 3449 in
373 3387 477 3450 curiae
511 3387 633 3468 forique
665 3386 890 3469 labyrinthum.
936 3385 1135 3452 Concurrunt
1169 3388 1252 3452 acies

132 3474 339 3556 litigantium.
385 3472 448 3536 Sed
471 3473 691 3537 contentiones
712 3478 833 3537 vestras
857 3474 981 3536 diremit
1003 3472 1152 3538 inhibitio
1174 3494 1252 3557 poa·

134 3561 239 3626 tilicis.
287 3558 391 3622 Habes
424 3559 489 3622 litis
520 3559 697 3622 terminum.
752 3558 834 3636 Quid
866 3560 962 3641 igitur
995 3560 1134 3623 animum
1169 3560 1253 3625 curis

130 3647 220 3729 quasi
244 3650 361 3709 tortore
377 3647 528 3710 intestino
545 3645 731 3709 excrucias?
776 3644 883 3708 Finita
899 3645 1114 3709 controversia
1129 3668 1250 3711 resume

129 3732 227 3798 animi
260 3731 532 3814 tranquillitatem.
579 3731 621 3795 At
644 3731 741 3795 dices:
778 3732 909 3812 prelium
944 3752 1004 3794 non
1037 3731 1147 3796 habeo.
1191 3732 1251 3797 Jus

128 3825 235 3884 tamen
259 3818 381 3899 collegii
405 3817 512 3894 habea,
537 3818 622 3898 quod
645 3839 702 3897 ego
726 3817 875 3896 dignitati
898 3822 973 3880 tuae
1004 3818 1177 3882 conducere
1200 3841 1251 3883 ar·

129 3906 236 3969 bitror.
283 3903 393 3985 ltaque
428 3925 482 3985 pro
516 3903 602 3967 lucro
636 3903 678 3967 sit
712 3924 774 3966 non
808 3925 876 3967 esse
908 3903 1094 3968 mulctatum
1129 3904 1249 3970 exsilio.

127 4043 331 4052 ...-———---

195 4124 209 4151 a
223 4106 340 4161 Helvetii
362 4107 434 4158 Terra.

199 4197 205 4226 ¹
224 4194 335 4246 Proteus
354 4195 377 4245 d.
397 4192 412 4244 i.
432 4191 539 4244 1110010.
558 4190 585 4243 S.
604 4192 653 4244 323
672 4193 702 4243 A.
721 4193 744 4244 5.
815 4190 920 4243 ².1aeob
943 4191 1046 4260 Spiegel
1068 4209 1115 4247 aus
1133 4193 1246 4248 80111011-

126 4265 196 4317 stadt
224 4262 385 4331 (Salomacus
410 4266 441 4312 st..
460 4260 654 4327 Selesladanus)
679 4259 728 4327 gab
753 4257 828 4311 einen
858 4258 1029 4313 Kornnrontar
1053 4279 1086 4315 zu
1103 4262 1247 4317 Reuohlins

126 4333 236 4387 Scenica
253 4335 482 4399 progymnasmata
499 4329 561 4381 Tau
583 4329 648 4382 1512
667 4331 767 4381 hornus.
804 4329 993 4395 *tschhach
1019 4329 1140 4385 Univera.
1160 4332 1246 4387 Wien.

125 4403 159 4457 11.
178 4403 235 4455 360.
265 4400 323 4467 l'gl.
342 4400 392 4451 den
412 4415 464 4451 ror.
485 4397 525 4450 Br.
545 4414 595 4451 von
613 4398 742 4466 gleiehcm
764 4397 863 4449 Datum
881 4414 914 4450 an
934 4398 1030 4451 Urban.
1101 4402 1158 4455 Ὀ,
1176 4400 1245 4455 Sim·

124 4471 177 4524 lars
194 4469 365 4523 Komruontar
383 4484 416 4519 zu
434 4466 576 4518 Reuchlins
594 4467 721 4520 Konr'r'idic
739 4466 851 4531 Sergius.
870 4466 964 4520 Pharo.
984 4469 1059 4523 15117.
1130 4472 1140 4502 ⁴
1156 4469 1246 4526 Heinr.

125 4539 206 4593 Ioritl
225 4538 376 4601 Glareanus,
402 4537 532 4589 (1011512
562 4552 611 4589 ron
629 4536 722 4589 Kaisar
748 4534 913 4589 Maximillae
935 4552 995 4589 zum
1016 4536 1126 4591 Dichter
1141 4538 1249 4608 gekriint

125 4608 206 4663 ward
236 4606 313 4660 Seiae
332 4605 469 4658 Helvetiae
487 4605 627 4672 descriptio
645 4603 765 4658 ersehien
783 4603 929 4658 erst'Basol
947 4605 1020 4658 1514.
1055 4604 1216 4662 Schreibe

125 4677 159 4733 Η.
176 4677 237 4731 Iar.
256 4675 327 4730 Glar.
346 4674 468 4742 Freiberg
486 4673 559 4729 1837.
612 4672 765 4743 ⁶Pyrrhus.
784 4672 810 4727 S.
828 4672 880 4728 210
895 4676 927 4729 A.
947 4676 970 4729 1.
