2774 4966
569 704 673 764 blutiaa
692 726 726 763 an
745 709 828 778 Lang.
1191 708 1253 775 653

131 883 269 949 Martino
305 883 437 958 infestis,
472 881 628 964 Capnioni
663 904 786 947 summo
816 883 881 945 viro
908 881 1075 944 crudeliter
1107 881 1254 945 inimicis.

131 971 203 1035 lam
227 970 303 1052 quid
327 971 428 1034 dicam
454 970 491 1033 de
515 970 661 1033 inaudita
682 968 867 1031 dementia?
911 967 981 1030 Non
999 968 1087 1050 cupit
1109 990 1165 1050 par
1188 990 1256 1032 esse

131 1057 273 1130 Erasm0,
299 1057 359 1120 nisi
381 1064 412 1119 et
435 1055 497 1118 alia
529 1056 690 1130 accedant,
729 1077 811 1135 quae
845 1053 968 1127 desunt,
1001 1059 1036 1116 ut.
1066 1053 1125 1116 levi
1160 1055 1256 1118 bardo

132 1144 265 1207 videtur.
312 1143 393 1219 Quid
416 1143 546 1206 accedat
568 1142 708 1205 amabo?
755 1141 811 1204 bie
839 1141 939 1203 sodes.
987 1141 1034 1202 lln
1065 1139 1164 1203 latina
1196 1141 1256 1204 ele-

133 1229 267 1310 gantia?
290 1251 329 1292 au
354 1227 544 1292 Graecorum
576 1227 756 1292 auxilium?
802 1227 954 1289 llbundat
988 1235 1122 1308 utraque
1155 1229 1255 1308 copia.

133 1316 213 1392 Quid
245 1336 319 1395 ergo
347 1314 528 1378 desideras?
580 1314 663 1378 Num
699 1313 878 1376 hebraicam
913 1312 1130 1377 literaturam?
1184 1313 1254 1377 Non

133 1404 230 1466 deest.
292 1401 373 1465 Num
413 1401 604 1466 Oceanicum
650 1399 876 1482 Scoticumque
913 1399 1127 1481 praesidium?
1185 1398 1256 1463 Nun

133 1488 346 1552 desideramus
383 1489 526 1551 contenti
561 1486 687 1551 Christo
722 1492 755 1549 et
788 1485 895 1549 Paulo.
952 1484 1149 1558 Modestiam,
1186 1485 1257 1549 dili-

132 1575 282 1656 gentiam,
314 1574 468 1657 judicium
504 1574 645 1656 requiris
693 1572 809 1654 Apage,
841 1574 903 1635 ista
925 1572 1132 1652 superfluunt.
1178 1570 1255 1648 Quis

134 1660 305 1724 modestior
339 1661 492 1724 Erasmo?
528 1659 599 1741 quis
632 1658 831 1723 accuratior?
860 1659 933 1739 quis
955 1659 987 1720 in
1013 1658 1202 1741 Hieronymo
1225 1664 1257 1722 et

134 1755 273 1811 veterum
305 1746 523 1827 theologorum
547 1746 674 1827 scriptis
697 1746 826 1827 aequior
848 1743 988 1807 arbiter?
1031 1744 1120 1820 Quod
1151 1751 1256 1807 autem

136 1832 340 1915 versipellem,
375 1833 459 1913 quod
495 1834 665 1912 ingratum,
703 1832 788 1912 quod
826 1829 1052 1894 haereticorum
1087 1837 1255 1913 patronum

135 1920 282 2002 appellas,
307 1919 407 1990 dabis,
436 1919 588 2000 improbe.
624 1939 740 2000 poenas
775 1917 930 1981 mendacii
963 1917 1020 1979 tui.
1067 1916 1132 1998 Ego
1169 1920 1256 1980 trah-

136 2004 254 2087 quillus
277 2010 310 2068 et
332 2005 575 2085 tranquillitatis
604 2005 770 2068 institutor
797 2010 829 2066 et
857 2004 974 2066 Beatae
1002 2000 1256 2083 Tranquillitatis

135 2098 306 2174 perpetuus
343 2098 450 2154 custos
484 2112 547 2154 non
583 2091 614 2153 id
648 2090 754 2154 leram.
812 2088 985 2171 Castigabo
1022 2094 1053 2151 te
1088 2090 1255 2153 caudatam

133 2179 267 2254 simiam,
293 2183 328 2240 ut
351 2183 524 2259 cognoscat
554 2177 641 2240 orbis
674 2178 865 2241 christianus
894 2183 925 2239 te
958 2174 1034 2236 nihil
1066 2176 1152 2239 aliud
1191 2197 1258 2240 esse

134 2287 227 2346 quam
251 2264 350 2327 levem
375 2264 517 2327 bardum.
564 2263 650 2327 Satis
673 2270 799 2326 constat
822 2283 971 2342 magnum
1001 2261 1163 2325 llrasmum
1194 2283 1256 2325 non

134 2351 269 2425 l'oedata,
293 2356 329 2415 ut
351 2359 386 2413 tu
410 2349 467 2425 ais,
491 2351 532 2413 ab
556 2349 723 2413 haereticis
752 2348 943 2430 exemplaria
972 2368 1172 2429 propagasse,
1203 2348 1257 2410 sed

134 2437 261 2500 foedata
299 2458 460 2520 purgasse,
498 2459 568 2501 cum
607 2437 715 2499 latinis
752 2435 985 2517 exemplaribus
1017 2456 1132 2516 graeca
1164 2435 1257 2498 simul

134 2523 312 2606 protulisse,
351 2531 386 2585 ut
422 2523 555 2586 liberum
594 2529 679 2586 esset
716 2523 824 2585 lectori
860 2520 1013 2602 judicium
1053 2521 1090 2584 de
1124 2526 1258 2603 utraque

135 2610 280 2673 lectione
326 2609 408 2685 Quid
440 2630 556 2672 novum
580 2614 636 2671 aut
660 2609 781 2679 mirum,
805 2610 831 2671 si
856 2611 977 2671 intaeta
1004 2608 1159 2687 quaedam
1187 2606 1260 2669 reli-

135 2697 214 2778 quit,
249 2717 329 2777 quae
363 2695 439 2759 boni
477 2696 534 2757 viri
572 2694 651 2757 citra
690 2694 835 2776 injuriam
874 2693 995 2756 Erasmi
1029 2694 1256 2768 examinarent,

137 2783 339 2845 restituerent
361 2782 446 2845 illius
469 2780 634 2861 exemplo?
672 2780 781 2860 Neque
797 2781 878 2842 enim
896 2780 1073 2862 posteritati
1091 2785 1123 2842 et
1140 2778 1231 2842 nobis
1244 2789 1259 2818 ⁸

137 2889 264 2950 syncera
304 2868 483 2948 legentibus
517 2867 670 2947 judicium
717 2866 898 2947 praeripuit.
959 2864 1029 2929 Tibi
1074 2865 1257 2947 praeripuit,

139 2955 193 3036 qui
216 2974 345 3034 syncera
369 2952 445 3016 nihil
470 2955 629 3036 proponis.
682 2957 729 3015 An
752 2953 811 3016 tibi
832 2953 946 3014 debeat
967 2953 1013 3015 vir
1033 2951 1258 3015 doctissimus?

137 3041 312 3121 Nusquam,
336 3040 453 3122 inquis,
477 3047 628 3102 sexcenta
652 3039 719 3102 loca
741 3062 760 3102 a
784 3061 831 3101 me
848 3038 1043 3120 reprehensa.
1081 3038 1148 3101 Hoc
1163 3038 1258 3119 fingis

136 3133 172 3189 ut
196 3134 308 3189 cetera.
354 3125 575 3190 Ocaudatum
609 3125 747 3188 asiunml
792 3123 900 3188 Nescit
933 3129 1083 3187 sexcenta
1114 3131 1145 3187 et
1171 3124 1257 3187 mille

135 3233 228 3276 voces
262 3233 330 3275 esse
363 3212 537 3294 peculiares
571 3212 703 3276 eruditis
736 3232 792 3293 pro
827 3213 946 3274 incerto
970 3232 1107 3274 numero.
1153 3207 1258 3274 Simili

135 3300 213 3362 dicit
239 3298 382 3361 inscitia:
415 3297 637 3377 ,exherbare“,
672 3296 831 3377 „dietim“,
865 3296 1084 3378 „chartetim“,
1115 3297 1166 3377 ,in
1190 3319 1260 3360 cra-

135 3384 272 3448 stinum“
304 3405 359 3464 pro
391 3384 592 3465 „post.ridie“.
638 3384 768 3451 laune.
792 3385 822 3446 in
848 3405 940 3466 opere
968 3385 1070 3446 alieno
1098 3383 1258 3446 curiosum

137 3494 193 3551 age
217 3471 417 3544 monitorem,
440 3476 592 3552 tanquam
623 3471 681 3532 hoc
710 3471 854 3533 debueris
884 3470 952 3533 orbi
981 3470 1163 3534 christiano.
1211 3469 1259 3532 hd

139 3557 206 3619 loca
229 3562 339 3620 notata
371 3558 600 3638 responderem,
626 3558 686 3620 nisi
709 3563 884 3641 praestaret
916 3556 1024 3620 audire
1058 3564 1147 3618 tuum
1182 3556 1260 3619 Her·

140 3642 248 3718 culem,
273 3644 326 3726 qui
348 3642 444 3725 jussit
467 3649 502 3705 at
521 3643 677 3724 judicium
701 3644 974 3725 suspenderemus
998 3644 1070 3706 dum
1100 3643 1167 3724 ipse
1194 3643 1260 3707 suis

140 3730 234 3792 armis
263 3731 395 3794 indutus
427 3731 573 3811 prodiret.
619 3730 740 3804 Veniet,
770 3731 883 3807 veniet,
912 3729 1032 3811 jacebis
1054 3733 1087 3791 et
1110 3750 1260 3809 magnum

138 3838 206 3877 esse
244 3819 360 3879 senties
391 3822 448 3879 tuo
484 3838 598 3898 magno
634 3817 725 3879 malo.
772 3815 860 3879 Tunc
894 3822 928 3878 tu
963 3816 1065 3878 omnis
1098 3816 1195 3878 ollioii
1230 3818 1261 3878 et

139 3904 346 3964 humanitatis
370 3925 482 3984 expers
505 3925 573 3967 sero
596 3903 707 3976 disces,
732 3923 824 3983 qnam
843 3902 969 3966 salubre
985 3902 1027 3965 sit
1043 3910 1259 3984 praeceptum:

136 3986 183 4069 aqi
205 3982 330 4066 μείζονι
356 3978 428 4051 else.
477 3989 569 4058 Haec,
594 3990 634 4052 mi
659 3995 757 4070 pater,
781 3990 875 4072 paulo
897 3989 1073 4061 ardentius,
1096 3990 1149 4051 sed
1168 3989 1260 4050 venia

138 4076 264 4155 dignus,
299 4076 381 4154 qrrod
418 4074 538 4137 lli-osmi
578 4076 677 4138 nostri
715 4075 862 4138 laudibus
898 4074 985 4139 nullo
1024 4081 1115 4156 pacto
1154 4075 1261 4136 deesse

140 4183 278 4243 possum,
302 4160 420 4241 alioqui
444 4162 538 4229 mitis,
563 4164 689 4229 tacitas.
714 4163 849 4242 quietus.
895 4162 955 4237 Qui
973 4161 1136 4223 Erasmum
1154 4159 1261 4236 laedit,

141 4271 189 4310 me
214 4247 318 4309 laedit.
367 4246 502 4309 Remitte
526 4247 633 4310 literas
651 4248 753 4309 Beati'
780 4255 811 4309 et
833 4245 959 4309 Zassii.²
1001 4247 1113 4308 Eorum
1136 4244 1262 4326 ingenio

206 4448 219 4474 Β
233 4435 321 4486 verbis
342 4433 451 4486 Ir'r'nrrsr.

138 4526 210 4577 sethe
240 4521 382 4591 ll'ortspiel
401 4525 435 4575 im
456 4524 501 4587 Bra,
518 4523 564 4574 des
583 4521 725 4572 Rhenanus
743 4534 775 4571 arr
794 4517 898 4586 Spiepel
926 4535 985 4570 roni
1007 4520 1044 4572 ll.
1063 4518 1125 4570 duni
1155 4517 1220 4569 1520
1238 4514 1265 4566 in

139 4595 201 4661 Epp,
217 4589 315 4658 aliquot
331 4596 376 4646 sir.
392 4595 457 4647 doct.
471 4593 529 4645 Bas.
547 4592 617 4643 last.
639 4589 664 4640 X
683 4589 739 4641 Ph:
759 4591 876 4640 »tbnstat
896 4603 956 4639 eum
976 4587 1085 4639 Lorarrii
1104 4588 1263 4639 conductum

140 4659 330 4787 ιξιιιιιιὲὲἹιεᾱηηι
352 4660 540 4728 nimaeologiss
596 4665 601 4691 ¹
624 4657 678 4724 l'gl.
690 4658 714 4710 S.
727 4659 772 4709 ttfrl
789 4660 851 4710 elit.
907 4662 916 4689 ²
937 4657 986 4710 lter
1005 4673 1029 4708 v.
1051 4658 1089 4708 13.
1108 4655 1169 4709 Dez.
1191 4651 1267 4705 1519.
