<?xml version="1.0" encoding="UTF-8"?>
<!DOCTYPE html PUBLIC "-//W3C//DTD XHTML 1.0 Transitional//EN"
    "http://www.w3.org/TR/xhtml1/DTD/xhtml1-transitional.dtd">
<html xmlns="http://www.w3.org/1999/xhtml" xml:lang="en" lang="en">
 <head>
  <title>
</title>
<meta http-equiv="Content-Type" content="text/html;charset=utf-8" />
  <meta name='ocr-system' content='tesseract 3.04.00' />
  <meta name='ocr-capabilities' content='ocr_page ocr_carea ocr_par ocr_line ocrx_word'/>
</head>
<body>
  <div class='ocr_page' id='page_1' title='image "./derbriefwechsel00kraugoog_0339.png"; bbox 0 0 2774 4966; ppageno 0'>
   <div class='ocr_carea' id='block_1_1' title="bbox 397 25 1343 309">
    <p class='ocr_par' dir='ltr' id='par_1_1' title="bbox 397 25 1343 309">
     <span class='ocr_line' id='line_1_1' title="bbox 397 25 1343 309; baseline 0.012 -11"><span class='ocrx_word' id='word_1_1' title='bbox 397 25 1343 309; x_wconf 77' lang='lat'><em>-</em></span> 
     </span>
    </p>
   </div>
   <div class='ocr_carea' id='block_1_2' title="bbox 126 594 835 658">
    <p class='ocr_par' dir='ltr' id='par_1_2' title="bbox 126 594 835 658">
     <span class='ocr_line' id='line_1_2' title="bbox 126 594 835 658; baseline -0.007 0"><span class='ocrx_word' id='word_1_2' title='bbox 126 594 188 658; x_wconf 80' lang='grc'>252</span> <span class='ocrx_word' id='word_1_3' title='bbox 545 596 631 650; x_wconf 83' lang='lat' dir='ltr'>Briete</span> <span class='ocrx_word' id='word_1_4' title='bbox 650 595 697 650; x_wconf 87' lang='lat' dir='ltr'>des</span> <span class='ocrx_word' id='word_1_5' title='bbox 714 597 740 654; x_wconf 84' lang='lat' dir='ltr'>J.</span> <span class='ocrx_word' id='word_1_6' title='bbox 761 597 835 653; x_wconf 81' lang='lat'>1512.</span> 
     </span>
    </p>
   </div>
   <div class='ocr_carea' id='block_1_3' title="bbox 124 765 1267 2372">
    <p class='ocr_par' dir='ltr' id='par_1_3' title="bbox 124 765 1267 2372">
     <span class='ocr_line' id='line_1_3' title="bbox 124 765 1264 848; baseline 0.001 -19"><span class='ocrx_word' id='word_1_7' title='bbox 124 765 285 847; x_wconf 87' lang='lat' dir='ltr'>jucundis,</span> <span class='ocrx_word' id='word_1_8' title='bbox 324 767 457 830; x_wconf 86' lang='lat' dir='ltr'>eruditis</span> <span class='ocrx_word' id='word_1_9' title='bbox 491 767 522 830; x_wconf 91' lang='lat' dir='ltr'>in</span> <span class='ocrx_word' id='word_1_10' title='bbox 558 788 633 848; x_wconf 90' lang='lat' dir='ltr'>pace</span> <span class='ocrx_word' id='word_1_11' title='bbox 667 767 764 831; x_wconf 84' lang='lat' dir='ltr'>vivat.</span> <span class='ocrx_word' id='word_1_12' title='bbox 811 767 846 832; x_wconf 90' lang='lat' dir='ltr'>Si</span> <span class='ocrx_word' id='word_1_13' title='bbox 883 775 1024 832; x_wconf 86' lang='lat' dir='ltr'>avertere</span> <span class='ocrx_word' id='word_1_14' title='bbox 1058 789 1211 832; x_wconf 86' lang='lat' dir='ltr'><strong>conamur</strong></span> <span class='ocrx_word' id='word_1_15' title='bbox 1244 790 1264 830; x_wconf 90' lang='lat' dir='ltr'>a</span> 
     </span>
     <span class='ocr_line' id='line_1_4' title="bbox 127 852 1265 935; baseline 0.003 -23"><span class='ocrx_word' id='word_1_16' title='bbox 127 852 306 927; x_wconf 79' lang='lat' dir='ltr'>feracitate,</span> <span class='ocrx_word' id='word_1_17' title='bbox 330 852 370 914; x_wconf 85' lang='lat' dir='ltr'>ab</span> <span class='ocrx_word' id='word_1_18' title='bbox 388 853 521 925; x_wconf 76' lang='lat' dir='ltr'>insidiis</span> <span class='ocrx_word' id='word_1_19' title='bbox 546 875 566 915; x_wconf 89' lang='lat' dir='ltr'>a</span> <span class='ocrx_word' id='word_1_20' title='bbox 581 853 758 934; x_wconf 86' lang='lat' dir='ltr'>sacrilegio,</span> <span class='ocrx_word' id='word_1_21' title='bbox 778 855 827 933; x_wconf 88' lang='lat' dir='ltr'>,in</span> <span class='ocrx_word' id='word_1_22' title='bbox 850 855 1045 935; x_wconf 85' lang='lat' dir='ltr'>pertusum“,</span> <span class='ocrx_word' id='word_1_23' title='bbox 1069 858 1105 916; x_wconf 90' lang='lat' dir='ltr'>ut</span> <span class='ocrx_word' id='word_1_24' title='bbox 1127 853 1265 916; x_wconf 86' lang='lat' dir='ltr'>Plautus</span> 
     </span>
     <span class='ocr_line' id='line_1_5' title="bbox 127 937 1265 1019; baseline 0.003 -20"><span class='ocrx_word' id='word_1_25' title='bbox 127 937 241 1018; x_wconf 90' lang='lat' dir='ltr'>iuquit,</span> <span class='ocrx_word' id='word_1_26' title='bbox 269 938 460 1017; x_wconf 79' lang='lat' dir='ltr'>„ingerimus</span> <span class='ocrx_word' id='word_1_27' title='bbox 484 938 569 1000; x_wconf 87' lang='lat' dir='ltr'>dicta</span> <span class='ocrx_word' id='word_1_28' title='bbox 593 938 758 1001; x_wconf 80' lang='lat' dir='ltr'>dolium.“¹</span> <span class='ocrx_word' id='word_1_29' title='bbox 808 939 913 1003; x_wconf 75' lang='lat' dir='ltr'>Anxia</span> <span class='ocrx_word' id='word_1_30' title='bbox 937 938 1032 1003; x_wconf 87' lang='lat' dir='ltr'>corda</span> <span class='ocrx_word' id='word_1_31' title='bbox 1048 961 1111 1003; x_wconf 91' lang='lat' dir='ltr'>non</span> <span class='ocrx_word' id='word_1_32' title='bbox 1128 939 1265 1019; x_wconf 88' lang='lat' dir='ltr'>capiunt</span> 
     </span>
     <span class='ocr_line' id='line_1_6' title="bbox 127 1023 1265 1106; baseline -0.001 -20"><span class='ocrx_word' id='word_1_33' title='bbox 127 1045 204 1086; x_wconf 86' lang='lat' dir='ltr'>sana</span> <span class='ocrx_word' id='word_1_34' title='bbox 228 1024 369 1086; x_wconf 86' lang='lat' dir='ltr'>consilia.</span> <span class='ocrx_word' id='word_1_35' title='bbox 419 1023 603 1103; x_wconf 84' lang='lat' dir='ltr'>,Sincerum</span> <span class='ocrx_word' id='word_1_36' title='bbox 631 1031 680 1086; x_wconf 89' lang='lat' dir='ltr'>est</span> <span class='ocrx_word' id='word_1_37' title='bbox 704 1024 764 1087; x_wconf 89' lang='lat' dir='ltr'>nisi</span> <span class='ocrx_word' id='word_1_38' title='bbox 790 1047 854 1102; x_wconf 91' lang='lat' dir='ltr'>vas,</span> <span class='ocrx_word' id='word_1_39' title='bbox 879 1025 1091 1106; x_wconf 89' lang='lat' dir='ltr'>quodcunque</span> <span class='ocrx_word' id='word_1_40' title='bbox 1107 1023 1265 1100; x_wconf 82' lang='lat' dir='ltr'>infundis,</span> 
     </span>
     <span class='ocr_line' id='line_1_7' title="bbox 126 1106 1264 1189; baseline 0.001 -18"><span class='ocrx_word' id='word_1_41' title='bbox 126 1106 291 1171; x_wconf 82' lang='lat' dir='ltr'>acescit.“²</span> <span class='ocrx_word' id='word_1_42' title='bbox 342 1107 493 1173; x_wconf 88' lang='lat' dir='ltr'>Sinamus</span> <span class='ocrx_word' id='word_1_43' title='bbox 509 1130 592 1189; x_wconf 79' lang='lat' dir='ltr'>ergo,</span> <span class='ocrx_word' id='word_1_44' title='bbox 611 1131 650 1170; x_wconf 90' lang='lat' dir='ltr'>ne</span> <span class='ocrx_word' id='word_1_45' title='bbox 667 1109 835 1173; x_wconf 82' lang='lat' dir='ltr'>illiciamur</span> <span class='ocrx_word' id='word_1_46' title='bbox 852 1110 1017 1174; x_wconf 85' lang='lat' dir='ltr'>cassiculis</span> <span class='ocrx_word' id='word_1_47' title='bbox 1035 1109 1264 1173; x_wconf 89' lang='lat' dir='ltr'>vilissimorum</span> 
     </span>
     <span class='ocr_line' id='line_1_8' title="bbox 128 1194 1265 1276; baseline 0 -20"><span class='ocrx_word' id='word_1_48' title='bbox 128 1195 302 1266; x_wconf 87' lang='lat' dir='ltr'>flaminum,</span> <span class='ocrx_word' id='word_1_49' title='bbox 328 1194 547 1274; x_wconf 85' lang='lat' dir='ltr'>praeterfluere</span> <span class='ocrx_word' id='word_1_50' title='bbox 571 1195 648 1257; x_wconf 92' lang='lat' dir='ltr'>lucri</span> <span class='ocrx_word' id='word_1_51' title='bbox 673 1196 805 1276; x_wconf 91' lang='lat' dir='ltr'>cupidos</span> <span class='ocrx_word' id='word_1_52' title='bbox 828 1201 860 1259; x_wconf 88' lang='lat' dir='ltr'>et</span> <span class='ocrx_word' id='word_1_53' title='bbox 885 1195 1002 1258; x_wconf 89' lang='lat' dir='ltr'>bouum</span> <span class='ocrx_word' id='word_1_54' title='bbox 1027 1195 1059 1257; x_wconf 94' lang='lat' dir='ltr'>in</span> <span class='ocrx_word' id='word_1_55' title='bbox 1084 1195 1167 1257; x_wconf 90' lang='lat' dir='ltr'>malo</span> <span class='ocrx_word' id='word_1_56' title='bbox 1190 1195 1265 1256; x_wconf 92' lang='lat' dir='ltr'>vin·</span> 
     </span>
     <span class='ocr_line' id='line_1_9' title="bbox 127 1278 1265 1362; baseline 0.001 -20"><span class='ocrx_word' id='word_1_57' title='bbox 127 1301 245 1342; x_wconf 87' lang='lat' dir='ltr'>camus.</span> <span class='ocrx_word' id='word_1_58' title='bbox 292 1279 435 1354; x_wconf 88' lang='lat' dir='ltr'>Quantas</span> <span class='ocrx_word' id='word_1_59' title='bbox 464 1279 674 1342; x_wconf 70' lang='lat' dir='ltr'>contumelias</span> <span class='ocrx_word' id='word_1_60' title='bbox 698 1279 766 1360; x_wconf 89' lang='lat' dir='ltr'>ipse</span> <span class='ocrx_word' id='word_1_61' title='bbox 789 1281 902 1362; x_wconf 89' lang='lat' dir='ltr'>patiar,</span> <span class='ocrx_word' id='word_1_62' title='bbox 927 1286 996 1343; x_wconf 91' lang='lat' dir='ltr'>tute</span> <span class='ocrx_word' id='word_1_63' title='bbox 1020 1290 1119 1343; x_wconf 88' lang='lat' dir='ltr'>tenes.</span> <span class='ocrx_word' id='word_1_64' title='bbox 1165 1278 1265 1343; x_wconf 88' lang='lat' dir='ltr'>Nullo</span> 
     </span>
     <span class='ocr_line' id='line_1_10' title="bbox 126 1364 1267 1447; baseline 0.004 -21"><span class='ocrx_word' id='word_1_65' title='bbox 126 1364 264 1427; x_wconf 90' lang='lat' dir='ltr'>remedio</span> <span class='ocrx_word' id='word_1_66' title='bbox 297 1365 403 1430; x_wconf 84' lang='lat' dir='ltr'>sanari</span> <span class='ocrx_word' id='word_1_67' title='bbox 435 1369 542 1444; x_wconf 86' lang='lat' dir='ltr'>potest</span> <span class='ocrx_word' id='word_1_68' title='bbox 577 1365 741 1428; x_wconf 86' lang='lat' dir='ltr'>temeritas</span> <span class='ocrx_word' id='word_1_69' title='bbox 775 1364 993 1447; x_wconf 81' lang='lat' dir='ltr'>superborum,</span> <span class='ocrx_word' id='word_1_70' title='bbox 1020 1385 1103 1445; x_wconf 80' lang='lat' dir='ltr'>„uon</span> <span class='ocrx_word' id='word_1_71' title='bbox 1127 1364 1155 1427; x_wconf 89' lang='lat' dir='ltr'>si</span> <span class='ocrx_word' id='word_1_72' title='bbox 1177 1367 1267 1431; x_wconf 77' lang='lat' dir='ltr'>terra</span> 
     </span>
     <span class='ocr_line' id='line_1_11' title="bbox 126 1449 1265 1532; baseline 0.002 -20"><span class='ocrx_word' id='word_1_73' title='bbox 126 1451 205 1512; x_wconf 89' lang='lat' dir='ltr'>mari</span> <span class='ocrx_word' id='word_1_74' title='bbox 241 1449 423 1512; x_wconf 82' lang='lat' dir='ltr'>miscebitur</span> <span class='ocrx_word' id='word_1_75' title='bbox 446 1455 479 1511; x_wconf 88' lang='lat' dir='ltr'>et</span> <span class='ocrx_word' id='word_1_76' title='bbox 505 1472 589 1511; x_wconf 91' lang='lat' dir='ltr'>mare</span> <span class='ocrx_word' id='word_1_77' title='bbox 623 1450 739 1513; x_wconf 86' lang='lat' dir='ltr'>coelo.“</span> <span class='ocrx_word' id='word_1_78' title='bbox 787 1450 900 1526; x_wconf 84' lang='lat' dir='ltr'>Quare,</span> <span class='ocrx_word' id='word_1_79' title='bbox 934 1451 961 1514; x_wconf 89' lang='lat' dir='ltr'>si</span> <span class='ocrx_word' id='word_1_80' title='bbox 995 1449 1092 1532; x_wconf 85' lang='lat' dir='ltr'>sapis,</span> <span class='ocrx_word' id='word_1_81' title='bbox 1125 1454 1198 1513; x_wconf 88' lang='lat' dir='ltr'>tace</span> <span class='ocrx_word' id='word_1_82' title='bbox 1232 1456 1265 1514; x_wconf 89' lang='lat' dir='ltr'>et</span> 
     </span>
     <span class='ocr_line' id='line_1_12' title="bbox 126 1534 1265 1617; baseline 0.002 -21"><span class='ocrx_word' id='word_1_83' title='bbox 126 1558 211 1611; x_wconf 88' lang='lat' dir='ltr'>cave,</span> <span class='ocrx_word' id='word_1_84' title='bbox 241 1557 280 1597; x_wconf 88' lang='lat' dir='ltr'>ne</span> <span class='ocrx_word' id='word_1_85' title='bbox 311 1540 437 1616; x_wconf 84' lang='lat' dir='ltr'>propter</span> <span class='ocrx_word' id='word_1_86' title='bbox 460 1534 568 1597; x_wconf 89' lang='lat' dir='ltr'>odium</span> <span class='ocrx_word' id='word_1_87' title='bbox 599 1536 660 1597; x_wconf 90' lang='lat' dir='ltr'>mei</span> <span class='ocrx_word' id='word_1_88' title='bbox 683 1536 715 1597; x_wconf 91' lang='lat' dir='ltr'>iu</span> <span class='ocrx_word' id='word_1_89' title='bbox 741 1536 925 1599; x_wconf 80' lang='lat' dir='ltr'>barathrum</span> <span class='ocrx_word' id='word_1_90' title='bbox 949 1557 1004 1599; x_wconf 87' lang='lat' dir='ltr'>sen</span> <span class='ocrx_word' id='word_1_91' title='bbox 1029 1534 1102 1598; x_wconf 90' lang='lat' dir='ltr'>Orci</span> <span class='ocrx_word' id='word_1_92' title='bbox 1129 1535 1265 1617; x_wconf 87' lang='lat' dir='ltr'>januam</span> 
     </span>
     <span class='ocr_line' id='line_1_13' title="bbox 127 1619 1265 1703; baseline 0 -21"><span class='ocrx_word' id='word_1_93' title='bbox 127 1620 263 1682; x_wconf 75' lang='lat' dir='ltr'>decidas</span> <span class='ocrx_word' id='word_1_94' title='bbox 309 1620 389 1682; x_wconf 88' lang='lat' dir='ltr'>Nam</span> <span class='ocrx_word' id='word_1_95' title='bbox 425 1621 582 1682; x_wconf 85' lang='lat' dir='ltr'>saeviores</span> <span class='ocrx_word' id='word_1_96' title='bbox 614 1624 691 1682; x_wconf 88' lang='lat' dir='ltr'>sunt</span> <span class='ocrx_word' id='word_1_97' title='bbox 719 1619 866 1695; x_wconf 85' lang='lat' dir='ltr'>Cerbero,</span> <span class='ocrx_word' id='word_1_98' title='bbox 902 1621 957 1703; x_wconf 91' lang='lat' dir='ltr'>qui</span> <span class='ocrx_word' id='word_1_99' title='bbox 992 1620 1122 1684; x_wconf 85' lang='lat' dir='ltr'>Beatam</span> <span class='ocrx_word' id='word_1_100' title='bbox 1160 1619 1265 1683; x_wconf 84' lang='lat' dir='ltr'>Tran-</span> 
     </span>
     <span class='ocr_line' id='line_1_14' title="bbox 126 1704 1266 1788; baseline 0.002 -21"><span class='ocrx_word' id='word_1_101' title='bbox 126 1706 315 1787; x_wconf 88' lang='lat' dir='ltr'>quillitatem</span> <span class='ocrx_word' id='word_1_102' title='bbox 340 1704 501 1768; x_wconf 87' lang='lat' dir='ltr'>allatraut.</span> <span class='ocrx_word' id='word_1_103' title='bbox 549 1704 717 1768; x_wconf 89' lang='lat' dir='ltr'>Praeterea</span> <span class='ocrx_word' id='word_1_104' title='bbox 742 1728 802 1768; x_wconf 93' lang='lat' dir='ltr'>nou</span> <span class='ocrx_word' id='word_1_105' title='bbox 827 1707 970 1770; x_wconf 88' lang='lat' dir='ltr'>confidas</span> <span class='ocrx_word' id='word_1_106' title='bbox 1002 1704 1168 1788; x_wconf 89' lang='lat' dir='ltr'>discipulo.</span> <span class='ocrx_word' id='word_1_107' title='bbox 1216 1705 1266 1769; x_wconf 86' lang='lat' dir='ltr'>Ne</span> 
     </span>
     <span class='ocr_line' id='line_1_15' title="bbox 129 1790 1266 1873; baseline 0.002 -20"><span class='ocrx_word' id='word_1_108' title='bbox 129 1813 177 1853; x_wconf 90' lang='lat' dir='ltr'>me</span> <span class='ocrx_word' id='word_1_109' title='bbox 202 1790 380 1853; x_wconf 84' lang='lat' dir='ltr'>laudaveris</span> <span class='ocrx_word' id='word_1_110' title='bbox 404 1813 482 1852; x_wconf 89' lang='lat' dir='ltr'>neve</span> <span class='ocrx_word' id='word_1_111' title='bbox 505 1791 703 1854; x_wconf 85' lang='lat' dir='ltr'>adversarios</span> <span class='ocrx_word' id='word_1_112' title='bbox 727 1796 759 1854; x_wconf 89' lang='lat' dir='ltr'>et</span> <span class='ocrx_word' id='word_1_113' title='bbox 782 1792 882 1855; x_wconf 89' lang='lat' dir='ltr'>latino</span> <span class='ocrx_word' id='word_1_114' title='bbox 911 1791 1014 1854; x_wconf 90' lang='lat' dir='ltr'>ordini</span> <span class='ocrx_word' id='word_1_115' title='bbox 1044 1795 1266 1873; x_wconf 66' lang='lat' dir='ltr'>repugnantes</span> 
     </span>
     <span class='ocr_line' id='line_1_16' title="bbox 128 1875 1265 1959; baseline -0.001 -20"><span class='ocrx_word' id='word_1_116' title='bbox 128 1876 314 1957; x_wconf 88' lang='lat' dir='ltr'>culpaveris.</span> <span class='ocrx_word' id='word_1_117' title='bbox 361 1875 520 1957; x_wconf 79' lang='lat' dir='ltr'>Epistulas</span> <span class='ocrx_word' id='word_1_118' title='bbox 544 1898 705 1959; x_wconf 87' lang='lat' dir='ltr'>concerpe.</span> <span class='ocrx_word' id='word_1_119' title='bbox 752 1876 921 1952; x_wconf 85' lang='lat' dir='ltr'>Quaeritur</span> <span class='ocrx_word' id='word_1_120' title='bbox 943 1877 1027 1940; x_wconf 89' lang='lat' dir='ltr'>euim</span> <span class='ocrx_word' id='word_1_121' title='bbox 1043 1899 1123 1939; x_wconf 90' lang='lat' dir='ltr'>ausa</span> <span class='ocrx_word' id='word_1_122' title='bbox 1140 1876 1265 1939; x_wconf 84' lang='lat' dir='ltr'>calum·</span> 
     </span>
     <span class='ocr_line' id='line_1_17' title="bbox 128 1960 1265 2043; baseline 0.001 -20"><span class='ocrx_word' id='word_1_123' title='bbox 128 1961 238 2023; x_wconf 89' lang='lat' dir='ltr'>niaudi</span> <span class='ocrx_word' id='word_1_124' title='bbox 263 1966 418 2042; x_wconf 86' lang='lat' dir='ltr'>tantaque</span> <span class='ocrx_word' id='word_1_125' title='bbox 448 1967 523 2025; x_wconf 90' lang='lat' dir='ltr'>suut</span> <span class='ocrx_word' id='word_1_126' title='bbox 554 1962 685 2025; x_wconf 85' lang='lat' dir='ltr'>solertia</span> <span class='ocrx_word' id='word_1_127' title='bbox 707 1970 739 2025; x_wconf 92' lang='lat' dir='ltr'>et</span> <span class='ocrx_word' id='word_1_128' title='bbox 762 1964 937 2043; x_wconf 84' lang='lat' dir='ltr'>sagacitate</span> <span class='ocrx_word' id='word_1_129' title='bbox 974 1961 1125 2025; x_wconf 90' lang='lat' dir='ltr'>levissimi</span> <span class='ocrx_word' id='word_1_130' title='bbox 1161 1960 1265 2043; x_wconf 83' lang='lat' dir='ltr'>iungi,</span> 
     </span>
     <span class='ocr_line' id='line_1_18' title="bbox 128 2047 1264 2130; baseline 0 -20"><span class='ocrx_word' id='word_1_131' title='bbox 128 2052 163 2110; x_wconf 92' lang='lat' dir='ltr'>ut</span> <span class='ocrx_word' id='word_1_132' title='bbox 189 2052 311 2110; x_wconf 89' lang='lat' dir='ltr'>secreta</span> <span class='ocrx_word' id='word_1_133' title='bbox 335 2048 413 2112; x_wconf 84' lang='lat' dir='ltr'>scire</span> <span class='ocrx_word' id='word_1_134' title='bbox 439 2047 538 2109; x_wconf 86' lang='lat' dir='ltr'>veiint</span> <span class='ocrx_word' id='word_1_135' title='bbox 561 2053 592 2111; x_wconf 91' lang='lat' dir='ltr'>et</span> <span class='ocrx_word' id='word_1_136' title='bbox 615 2047 806 2111; x_wconf 86' lang='lat' dir='ltr'>discordiam</span> <span class='ocrx_word' id='word_1_137' title='bbox 831 2050 922 2130; x_wconf 88' lang='lat' dir='ltr'>quasi</span> <span class='ocrx_word' id='word_1_138' title='bbox 944 2070 1098 2111; x_wconf 88' lang='lat' dir='ltr'>venenum</span> <span class='ocrx_word' id='word_1_139' title='bbox 1116 2067 1264 2129; x_wconf 85' lang='lat' dir='ltr'>coquere.</span> 
     </span>
     <span class='ocr_line' id='line_1_19' title="bbox 129 2131 1265 2216; baseline 0.004 -23"><span class='ocrx_word' id='word_1_140' title='bbox 129 2132 211 2195; x_wconf 83' lang='lat' dir='ltr'>Ante</span> <span class='ocrx_word' id='word_1_141' title='bbox 236 2132 412 2212; x_wconf 86' lang='lat' dir='ltr'>vigilamus,</span> <span class='ocrx_word' id='word_1_142' title='bbox 436 2131 593 2208; x_wconf 87' lang='lat' dir='ltr'>Musarde,</span> <span class='ocrx_word' id='word_1_143' title='bbox 618 2137 650 2196; x_wconf 90' lang='lat' dir='ltr'>et</span> <span class='ocrx_word' id='word_1_144' title='bbox 672 2133 789 2214; x_wconf 90' lang='lat' dir='ltr'>quibus</span> <span class='ocrx_word' id='word_1_145' title='bbox 813 2156 829 2196; x_wconf 87' lang='lat' dir='ltr'>e</span> <span class='ocrx_word' id='word_1_146' title='bbox 852 2134 953 2216; x_wconf 88' lang='lat' dir='ltr'>portis</span> <span class='ocrx_word' id='word_1_147' title='bbox 976 2154 1139 2214; x_wconf 84' lang='lat' dir='ltr'>erumpere</span> <span class='ocrx_word' id='word_1_148' title='bbox 1159 2132 1265 2214; x_wconf 89' lang='lat' dir='ltr'>possit</span> 
     </span>
     <span class='ocr_line' id='line_1_20' title="bbox 128 2218 1262 2299; baseline 0.002 -19"><span class='ocrx_word' id='word_1_149' title='bbox 128 2218 240 2296; x_wconf 88' lang='lat' dir='ltr'>hostis,</span> <span class='ocrx_word' id='word_1_150' title='bbox 264 2219 494 2299; x_wconf 91' lang='lat' dir='ltr'>provideamus.</span> <span class='ocrx_word' id='word_1_151' title='bbox 540 2218 623 2281; x_wconf 88' lang='lat' dir='ltr'>Vale.</span> <span class='ocrx_word' id='word_1_152' title='bbox 671 2218 763 2281; x_wconf 81' lang='lat' dir='ltr'>Auno</span> <span class='ocrx_word' id='word_1_153' title='bbox 780 2218 902 2283; x_wconf 89' lang='lat' dir='ltr'>Soteris</span> <span class='ocrx_word' id='word_1_154' title='bbox 924 2219 992 2282; x_wconf 87' lang='lat' dir='ltr'>Xll.</span> <span class='ocrx_word' id='word_1_155' title='bbox 1022 2219 1070 2283; x_wconf 87' lang='lat' dir='ltr'>Vl.</span> <span class='ocrx_word' id='word_1_156' title='bbox 1096 2218 1163 2281; x_wconf 85' lang='lat' dir='ltr'>Eid.</span> <span class='ocrx_word' id='word_1_157' title='bbox 1190 2218 1262 2282; x_wconf 88' lang='lat' dir='ltr'>Oct.</span> 
     </span>
     <span class='ocr_line' id='line_1_21' title="bbox 279 2317 502 2372; baseline 0 -2"><span class='ocrx_word' id='word_1_158' title='bbox 279 2317 340 2371; x_wconf 83' lang='lat' dir='ltr'>Cod.</span> <span class='ocrx_word' id='word_1_159' title='bbox 360 2317 425 2372; x_wconf 86' lang='lat' dir='ltr'>Frcl.</span> <span class='ocrx_word' id='word_1_160' title='bbox 444 2319 502 2370; x_wconf 78' lang='lat'>241.</span> 
     </span>
    </p>
   </div>
   <div class='ocr_carea' id='block_1_4' title="bbox 126 2509 1264 2705">
    <p class='ocr_par' dir='ltr' id='par_1_4' title="bbox 126 2509 1264 2705">
     <span class='ocr_line' id='line_1_22' title="bbox 126 2509 1264 2597; baseline 0.001 -18"><span class='ocrx_word' id='word_1_161' title='bbox 126 2527 242 2597; x_wconf 69' lang='lat' dir='ltr'>(corna)</span> <span class='ocrx_word' id='word_1_162' title='bbox 658 2509 726 2574; x_wconf 86' lang='lat'>198.</span> <span class='ocrx_word' id='word_1_163' title='bbox 1025 2527 1064 2578; x_wconf 91' lang='lat' dir='ltr'>n.</span> <span class='ocrx_word' id='word_1_164' title='bbox 1084 2525 1141 2580; x_wconf 64' lang='lat' dir='ltr'>oet.</span> <span class='ocrx_word' id='word_1_165' title='bbox 1162 2527 1264 2596; x_wconf 80' lang='lat'>(1512).</span> 
     </span>
     <span class='ocr_line' id='line_1_23' title="bbox 509 2634 881 2705; baseline 0.003 -3"><span class='ocrx_word' id='word_1_166' title='bbox 509 2634 652 2704; x_wconf 85' lang='lat' dir='ltr'>Mutiau</span> <span class='ocrx_word' id='word_1_167' title='bbox 670 2655 720 2704; x_wconf 93' lang='lat' dir='ltr'>au</span> <span class='ocrx_word' id='word_1_168' title='bbox 742 2634 881 2705; x_wconf 86' lang='lat' dir='ltr'>Urbau.</span> 
     </span>
    </p>
   </div>
   <div class='ocr_carea' id='block_1_5' title="bbox 126 2761 1266 3036">
    <p class='ocr_par' dir='ltr' id='par_1_5' title="bbox 128 2761 1266 2831">
     <span class='ocr_line' id='line_1_24' title="bbox 128 2761 1266 2831; baseline 0.004 -18"><span class='ocrx_word' id='word_1_169' title='bbox 128 2761 194 2826; x_wconf 78' lang='lat' dir='ltr'>(Hal</span> <span class='ocrx_word' id='word_1_170' title='bbox 211 2763 259 2814; x_wconf 80' lang='lat' dir='ltr'>cleri</span> <span class='ocrx_word' id='word_1_171' title='bbox 280 2762 426 2815; x_wconf 73' lang='lat' dir='ltr'>llusurdns</span> <span class='ocrx_word' id='word_1_172' title='bbox 445 2781 528 2830; x_wconf 75' lang='lat' dir='ltr'>rivyen</span> <span class='ocrx_word' id='word_1_173' title='bbox 546 2763 633 2815; x_wconf 83' lang='lat' dir='ltr'>ser&#39;ner</span> <span class='ocrx_word' id='word_1_174' title='bbox 657 2762 836 2815; x_wconf 75' lang='lat' dir='ltr'>Versteclctlreit</span> <span class='ocrx_word' id='word_1_175' title='bbox 861 2764 1008 2831; x_wconf 60' lang='lat' dir='ltr'>perstringit</span> <span class='ocrx_word' id='word_1_176' title='bbox 1033 2763 1088 2815; x_wconf 73' lang='lat' dir='ltr'>naid</span> <span class='ocrx_word' id='word_1_177' title='bbox 1112 2763 1169 2814; x_wconf 75' lang='lat' dir='ltr'>airh</span> <span class='ocrx_word' id='word_1_178' title='bbox 1191 2764 1266 2817; x_wconf 80' lang='lat' dir='ltr'>scine</span> 
     </span>
    </p>

    <p class='ocr_par' dir='ltr' id='par_1_6' title="bbox 128 2830 1266 2899">
     <span class='ocr_line' id='line_1_25' title="bbox 128 2830 1266 2899; baseline 0.003 -18"><span class='ocrx_word' id='word_1_179' title='bbox 128 2830 218 2896; x_wconf 81' lang='lat' dir='ltr'>Briesc</span> <span class='ocrx_word' id='word_1_180' title='bbox 235 2831 395 2883; x_wconf 67' lang='lat' dir='ltr'>eissnsraa&#39;lan</span> <span class='ocrx_word' id='word_1_181' title='bbox 417 2831 537 2884; x_wconf 69' lang='lat' dir='ltr'>verberer.</span> <span class='ocrx_word' id='word_1_182' title='bbox 573 2830 673 2883; x_wconf 72' lang='lat' dir='ltr'>Mortale</span> <span class='ocrx_word' id='word_1_183' title='bbox 697 2832 739 2882; x_wconf 76' lang='lat' dir='ltr'>(lie</span> <span class='ocrx_word' id='word_1_184' title='bbox 769 2831 1077 2899; x_wconf 77' lang='lat' dir='ltr'>Verdanrnmnyssclrrist</span> <span class='ocrx_word' id='word_1_185' title='bbox 1097 2831 1143 2882; x_wconf 83' lang='lat' dir='ltr'>der</span> <span class='ocrx_word' id='word_1_186' title='bbox 1165 2830 1266 2884; x_wconf 80' lang='lat' dir='ltr'>Kolner</span> 
     </span>
    </p>

    <p class='ocr_par' dir='ltr' id='par_1_7' title="bbox 126 2899 1266 3036">
     <span class='ocr_line' id='line_1_26' title="bbox 126 2899 1266 2967; baseline 0.002 -16"><span class='ocrx_word' id='word_1_187' title='bbox 126 2917 207 2967; x_wconf 74' lang='lat' dir='ltr'>peperi</span> <span class='ocrx_word' id='word_1_188' title='bbox 233 2900 364 2952; x_wconf 61' lang='lat' dir='ltr'>Haletem</span> <span class='ocrx_word' id='word_1_189' title='bbox 393 2900 468 2952; x_wconf 82' lang='lat' dir='ltr'>lesen.</span> <span class='ocrx_word' id='word_1_190' title='bbox 505 2899 561 2952; x_wconf 75' lang='lat' dir='ltr'>Erit</span> <span class='ocrx_word' id='word_1_191' title='bbox 588 2899 831 2952; x_wconf 72' lang='lat' dir='ltr'>Alebimrblenousa</span> <span class='ocrx_word' id='word_1_192' title='bbox 873 2901 914 2951; x_wconf 74' lang='lat' dir='ltr'>un</span> <span class='ocrx_word' id='word_1_193' title='bbox 940 2901 998 2953; x_wconf 66' lang='lat' dir='ltr'>arsid</span> <span class='ocrx_word' id='word_1_194' title='bbox 1021 2900 1079 2952; x_wconf 78' lang='lat' dir='ltr'>cine</span> <span class='ocrx_word' id='word_1_195' title='bbox 1108 2900 1185 2952; x_wconf 74' lang='lat' dir='ltr'>Stella</span> <span class='ocrx_word' id='word_1_196' title='bbox 1213 2918 1266 2953; x_wconf 82' lang='lat' dir='ltr'>aus</span> 
     </span>
     <span class='ocr_line' id='line_1_27' title="bbox 498 2968 885 3036; baseline -0.003 -16"><span class='ocrx_word' id='word_1_197' title='bbox 498 2968 635 3036; x_wconf 70' lang='lat' dir='ltr'>Apulejus&#39;</span> <span class='ocrx_word' id='word_1_198' title='bbox 653 2968 788 3035; x_wconf 76' lang='lat' dir='ltr'>yoldcnenr</span> <span class='ocrx_word' id='word_1_199' title='bbox 836 2969 885 3034; x_wconf 51' lang='lat' dir='ltr'>rel.)</span> 
     </span>
    </p>
   </div>
   <div class='ocr_carea' id='block_1_6' title="bbox 181 3081 1213 3218">
    <p class='ocr_par' dir='ltr' id='par_1_8' title="bbox 181 3081 1213 3218">
     <span class='ocr_line' id='line_1_28' title="bbox 181 3081 1213 3143; baseline 0.001 -11"><span class='ocrx_word' id='word_1_200' title='bbox 181 3082 381 3132; x_wconf 79' lang='lat' dir='ltr'>Divtnlssimo</span> <span class='ocrx_word' id='word_1_201' title='bbox 400 3081 528 3132; x_wconf 80' lang='lat' dir='ltr'>Urbano</span> <span class='ocrx_word' id='word_1_202' title='bbox 545 3083 613 3132; x_wconf 90' lang='lat' dir='ltr'>viro</span> <span class='ocrx_word' id='word_1_203' title='bbox 632 3082 724 3132; x_wconf 85' lang='lat' dir='ltr'>docto</span> <span class='ocrx_word' id='word_1_204' title='bbox 743 3085 774 3133; x_wconf 85' lang='lat' dir='ltr'>et</span> <span class='ocrx_word' id='word_1_205' title='bbox 791 3083 926 3142; x_wconf 76' lang='lat' dir='ltr'>saplenti</span> <span class='ocrx_word' id='word_1_206' title='bbox 943 3083 1042 3132; x_wconf 79' lang='lat' dir='ltr'>amico</span> <span class='ocrx_word' id='word_1_207' title='bbox 1058 3081 1213 3143; x_wconf 74' lang='lat' dir='ltr'>singulari</span> 
     </span>
     <span class='ocr_line' id='line_1_29' title="bbox 608 3166 782 3218; baseline 0.006 -1"><span class='ocrx_word' id='word_1_208' title='bbox 608 3169 652 3218; x_wconf 83' lang='grc' dir='ltr'>Μ.</span> <span class='ocrx_word' id='word_1_209' title='bbox 670 3166 782 3218; x_wconf 80' lang='lat' dir='ltr'>Rufus.</span> 
     </span>
    </p>
   </div>
   <div class='ocr_carea' id='block_1_7' title="bbox 126 3273 1266 4539">
    <p class='ocr_par' dir='ltr' id='par_1_9' title="bbox 128 3273 1266 4214">
     <span class='ocr_line' id='line_1_30' title="bbox 232 3273 1266 3360; baseline 0.001 -21"><span class='ocrx_word' id='word_1_210' title='bbox 232 3277 263 3339; x_wconf 80' lang='lat' dir='ltr'>S.</span> <span class='ocrx_word' id='word_1_211' title='bbox 310 3277 392 3352; x_wconf 88' lang='lat' dir='ltr'>Quid</span> <span class='ocrx_word' id='word_1_212' title='bbox 416 3277 474 3340; x_wconf 93' lang='lat' dir='ltr'>tibi</span> <span class='ocrx_word' id='word_1_213' title='bbox 498 3279 623 3341; x_wconf 88' lang='lat' dir='ltr'>videtur</span> <span class='ocrx_word' id='word_1_214' title='bbox 640 3278 678 3341; x_wconf 90' lang='lat' dir='ltr'>de</span> <span class='ocrx_word' id='word_1_215' title='bbox 695 3277 829 3360; x_wconf 83' lang='lat' dir='ltr'>epistola</span> <span class='ocrx_word' id='word_1_216' title='bbox 852 3273 1033 3340; x_wconf 80' lang='lat' dir='ltr'>Musardi‘?²</span> <span class='ocrx_word' id='word_1_217' title='bbox 1086 3275 1266 3340; x_wconf 89' lang='lat' dir='ltr'>Narrautur</span> 
     </span>
     <span class='ocr_line' id='line_1_31' title="bbox 131 3362 1265 3444; baseline 0.002 -21"><span class='ocrx_word' id='word_1_218' title='bbox 131 3362 303 3443; x_wconf 87' lang='lat' dir='ltr'>injucunda</span> <span class='ocrx_word' id='word_1_219' title='bbox 327 3368 357 3425; x_wconf 86' lang='lat' dir='ltr'>et</span> <span class='ocrx_word' id='word_1_220' title='bbox 382 3384 495 3427; x_wconf 89' lang='lat' dir='ltr'>nomeu</span> <span class='ocrx_word' id='word_1_221' title='bbox 520 3363 660 3426; x_wconf 89' lang='lat' dir='ltr'>auctoris</span> <span class='ocrx_word' id='word_1_222' title='bbox 684 3362 832 3426; x_wconf 85' lang='lat' dir='ltr'>diabolici</span> <span class='ocrx_word' id='word_1_223' title='bbox 855 3362 1073 3444; x_wconf 86' lang='lat' dir='ltr'>supprimitur.</span> <span class='ocrx_word' id='word_1_224' title='bbox 1113 3362 1165 3424; x_wconf 87' lang='lat' dir='ltr'>Vir</span> <span class='ocrx_word' id='word_1_225' title='bbox 1190 3384 1265 3425; x_wconf 90' lang='lat' dir='ltr'>can·</span> 
     </span>
     <span class='ocr_line' id='line_1_32' title="bbox 128 3446 1264 3528; baseline 0.003 -20"><span class='ocrx_word' id='word_1_226' title='bbox 128 3448 230 3522; x_wconf 92' lang='lat' dir='ltr'>didus,</span> <span class='ocrx_word' id='word_1_227' title='bbox 263 3448 408 3528; x_wconf 81' lang='lat' dir='ltr'>simplex,</span> <span class='ocrx_word' id='word_1_228' title='bbox 433 3449 575 3511; x_wconf 89' lang='lat' dir='ltr'>sincerus</span> <span class='ocrx_word' id='word_1_229' title='bbox 599 3454 631 3511; x_wconf 93' lang='lat' dir='ltr'>et</span> <span class='ocrx_word' id='word_1_230' title='bbox 653 3448 694 3511; x_wconf 85' lang='lat' dir='ltr'>ab</span> <span class='ocrx_word' id='word_1_231' title='bbox 718 3448 803 3511; x_wconf 93' lang='lat' dir='ltr'>omni</span> <span class='ocrx_word' id='word_1_232' title='bbox 827 3447 899 3511; x_wconf 89' lang='lat' dir='ltr'>fuco</span> <span class='ocrx_word' id='word_1_233' title='bbox 924 3452 956 3510; x_wconf 89' lang='lat' dir='ltr'>et</span> <span class='ocrx_word' id='word_1_234' title='bbox 978 3446 1103 3509; x_wconf 85' lang='lat' dir='ltr'>insidiis</span> <span class='ocrx_word' id='word_1_235' title='bbox 1137 3446 1264 3511; x_wconf 85' lang='lat' dir='ltr'>alienus</span> 
     </span>
     <span class='ocr_line' id='line_1_33' title="bbox 130 3532 1263 3596; baseline 0.001 -2"><span class='ocrx_word' id='word_1_236' title='bbox 130 3556 190 3595; x_wconf 93' lang='lat' dir='ltr'>nou</span> <span class='ocrx_word' id='word_1_237' title='bbox 215 3533 261 3595; x_wconf 85' lang='lat' dir='ltr'>ita</span> <span class='ocrx_word' id='word_1_238' title='bbox 284 3534 407 3596; x_wconf 86' lang='lat' dir='ltr'>occulte</span> <span class='ocrx_word' id='word_1_239' title='bbox 431 3534 526 3596; x_wconf 91' lang='lat' dir='ltr'>debet</span> <span class='ocrx_word' id='word_1_240' title='bbox 557 3534 718 3596; x_wconf 89' lang='lat' dir='ltr'>insinuare</span> <span class='ocrx_word' id='word_1_241' title='bbox 751 3533 883 3596; x_wconf 89' lang='lat' dir='ltr'>consilia</span> <span class='ocrx_word' id='word_1_242' title='bbox 917 3532 1065 3596; x_wconf 88' lang='lat' dir='ltr'>factionis</span> <span class='ocrx_word' id='word_1_243' title='bbox 1100 3532 1263 3595; x_wconf 88' lang='lat' dir='ltr'>adversae.</span> 
     </span>
     <span class='ocr_line' id='line_1_34' title="bbox 129 3609 1265 3700; baseline 0 -20"><span class='ocrx_word' id='word_1_244' title='bbox 129 3618 206 3693; x_wconf 91' lang='lat' dir='ltr'>Quis</span> <span class='ocrx_word' id='word_1_245' title='bbox 231 3640 350 3700; x_wconf 90' lang='lat' dir='ltr'>quaeso</span> <span class='ocrx_word' id='word_1_246' title='bbox 367 3619 427 3681; x_wconf 89' lang='lat' dir='ltr'>fuit</span> <span class='ocrx_word' id='word_1_247' title='bbox 443 3619 495 3681; x_wconf 88' lang='lat' dir='ltr'>ille</span> <span class='ocrx_word' id='word_1_248' title='bbox 517 3609 619 3696; x_wconf 81' lang='grc' dir='ltr'><em>κόλαξ</em></span> <span class='ocrx_word' id='word_1_249' title='bbox 643 3625 674 3682; x_wconf 91' lang='lat' dir='ltr'>et</span> <span class='ocrx_word' id='word_1_250' title='bbox 698 3618 906 3700; x_wconf 81' lang='lat' dir='ltr'>explorator?</span> <span class='ocrx_word' id='word_1_251' title='bbox 945 3618 1010 3699; x_wconf 84' lang='lat' dir='ltr'>Ego</span> <span class='ocrx_word' id='word_1_252' title='bbox 1027 3618 1116 3699; x_wconf 84' lang='lat' dir='ltr'>gravi</span> <span class='ocrx_word' id='word_1_253' title='bbox 1133 3639 1265 3700; x_wconf 90' lang='lat' dir='ltr'>respou-</span> 
     </span>
     <span class='ocr_line' id='line_1_35' title="bbox 129 3703 1264 3786; baseline 0 -21"><span class='ocrx_word' id='word_1_254' title='bbox 129 3705 219 3766; x_wconf 90' lang='lat' dir='ltr'>sioue</span> <span class='ocrx_word' id='word_1_255' title='bbox 254 3705 407 3786; x_wconf 86' lang='lat' dir='ltr'>praecepi,</span> <span class='ocrx_word' id='word_1_256' title='bbox 442 3709 479 3767; x_wconf 90' lang='lat' dir='ltr'>ut</span> <span class='ocrx_word' id='word_1_257' title='bbox 512 3704 688 3768; x_wconf 87' lang='lat' dir='ltr'>abstineret</span> <span class='ocrx_word' id='word_1_258' title='bbox 710 3727 729 3767; x_wconf 92' lang='lat' dir='ltr'>a</span> <span class='ocrx_word' id='word_1_259' title='bbox 752 3704 933 3767; x_wconf 86' lang='lat' dir='ltr'>scribundis</span> <span class='ocrx_word' id='word_1_260' title='bbox 968 3703 1124 3784; x_wconf 62' lang='lat' dir='ltr'>epistolis</span> <span class='ocrx_word' id='word_1_261' title='bbox 1162 3704 1264 3767; x_wconf 91' lang='lat' dir='ltr'>donec</span> 
     </span>
     <span class='ocr_line' id='line_1_36' title="bbox 128 3787 1262 3870; baseline 0 -19"><span class='ocrx_word' id='word_1_262' title='bbox 128 3789 224 3852; x_wconf 86' lang='lat' dir='ltr'>turba</span> <span class='ocrx_word' id='word_1_263' title='bbox 248 3789 412 3870; x_wconf 88' lang='lat' dir='ltr'>nubesque</span> <span class='ocrx_word' id='word_1_264' title='bbox 436 3789 680 3870; x_wconf 66' lang='lat' dir='ltr'>&#39;tranquillitate</span> <span class='ocrx_word' id='word_1_265' title='bbox 710 3790 932 3852; x_wconf 90' lang='lat' dir='ltr'>discutiantur.</span> <span class='ocrx_word' id='word_1_266' title='bbox 979 3787 1143 3851; x_wconf 73' lang='lat' dir='ltr'>‘l&#39;imebam</span> <span class='ocrx_word' id='word_1_267' title='bbox 1180 3789 1262 3851; x_wconf 85' lang='lat' dir='ltr'>enim</span> 
     </span>
     <span class='ocr_line' id='line_1_37' title="bbox 129 3872 1264 3951; baseline -0.002 -15"><span class='ocrx_word' id='word_1_268' title='bbox 129 3873 290 3951; x_wconf 88' lang='lat' dir='ltr'>Musardo,</span> <span class='ocrx_word' id='word_1_269' title='bbox 316 3898 353 3936; x_wconf 91' lang='lat' dir='ltr'>ne</span> <span class='ocrx_word' id='word_1_270' title='bbox 376 3876 549 3937; x_wconf 86' lang='lat' dir='ltr'>adversarii</span> <span class='ocrx_word' id='word_1_271' title='bbox 574 3877 673 3938; x_wconf 87' lang='lat' dir='ltr'>nostri</span> <span class='ocrx_word' id='word_1_272' title='bbox 697 3880 849 3937; x_wconf 89' lang='lat' dir='ltr'>nocerent</span> <span class='ocrx_word' id='word_1_273' title='bbox 873 3874 994 3936; x_wconf 89' lang='lat' dir='ltr'>bomini</span> <span class='ocrx_word' id='word_1_274' title='bbox 1012 3896 1101 3936; x_wconf 86' lang='lat' dir='ltr'>cassa</span> <span class='ocrx_word' id='word_1_275' title='bbox 1125 3877 1162 3936; x_wconf 88' lang='lat' dir='ltr'>ut</span> <span class='ocrx_word' id='word_1_276' title='bbox 1186 3872 1264 3937; x_wconf 87' lang='lat' dir='ltr'>milri</span> 
     </span>
     <span class='ocr_line' id='line_1_38' title="bbox 131 3959 1264 4041; baseline 0 -21"><span class='ocrx_word' id='word_1_277' title='bbox 131 3961 259 4023; x_wconf 89' lang='lat' dir='ltr'>invidia.</span> <span class='ocrx_word' id='word_1_278' title='bbox 305 3960 461 4022; x_wconf 82' lang='lat' dir='ltr'>doaunem</span> <span class='ocrx_word' id='word_1_279' title='bbox 489 3960 641 4023; x_wconf 84' lang='lat' dir='ltr'>lleuchlin</span> <span class='ocrx_word' id='word_1_280' title='bbox 678 3961 925 4041; x_wconf 75' lang='lat' dir='ltr'>Agrippinenses</span> <span class='ocrx_word' id='word_1_281' title='bbox 964 3959 1108 4021; x_wconf 86' lang='lat' dir='ltr'>censoria</span> <span class='ocrx_word' id='word_1_282' title='bbox 1141 3959 1264 4040; x_wconf 84' lang='lat' dir='ltr'>virgula</span> 
     </span>
     <span class='ocr_line' id='line_1_39' title="bbox 130 4043 1263 4108; baseline -0.001 -2"><span class='ocrx_word' id='word_1_283' title='bbox 130 4045 307 4108; x_wconf 84' lang='lat' dir='ltr'>notarunt.⁴</span> <span class='ocrx_word' id='word_1_284' title='bbox 339 4044 757 4108; x_wconf 84' lang='lat' dir='ltr'>Circrrmterturinsectatio.</span> <span class='ocrx_word' id='word_1_285' title='bbox 791 4044 860 4106; x_wconf 91' lang='lat' dir='ltr'>Nou</span> <span class='ocrx_word' id='word_1_286' title='bbox 876 4045 949 4107; x_wconf 91' lang='lat' dir='ltr'>vidi.</span> <span class='ocrx_word' id='word_1_287' title='bbox 981 4043 1111 4107; x_wconf 89' lang='lat' dir='ltr'>Utinam</span> <span class='ocrx_word' id='word_1_288' title='bbox 1126 4044 1263 4107; x_wconf 86' lang='lat' dir='ltr'>daretur.</span> 
     </span>
     <span class='ocr_line' id='line_1_40' title="bbox 130 4119 1265 4214; baseline 0.001 -23"><span class='ocrx_word' id='word_1_289' title='bbox 130 4130 179 4192; x_wconf 91' lang='lat' dir='ltr'>Dii</span> <span class='ocrx_word' id='word_1_290' title='bbox 197 4132 332 4213; x_wconf 88' lang='lat' dir='ltr'>perdant</span> <span class='ocrx_word' id='word_1_291' title='bbox 347 4133 427 4194; x_wconf 89' lang='lat' dir='ltr'>istos</span> <span class='ocrx_word' id='word_1_292' title='bbox 449 4119 736 4214; x_wconf 64' lang='grc' dir='ltr'>βοιλαιόφάγουςῐ5</span> <span class='ocrx_word' id='word_1_293' title='bbox 776 4130 918 4210; x_wconf 87' lang='lat' dir='ltr'>Petrejus</span> <span class='ocrx_word' id='word_1_294' title='bbox 936 4126 1056 4192; x_wconf 78' lang='lat' dir='ltr'>noster⁸</span> <span class='ocrx_word' id='word_1_295' title='bbox 1074 4128 1120 4192; x_wconf 85' lang='lat' dir='ltr'>ait</span> <span class='ocrx_word' id='word_1_296' title='bbox 1137 4129 1265 4192; x_wconf 88' lang='lat' dir='ltr'>chartas</span> 
     </span>
    </p>

    <p class='ocr_par' dir='ltr' id='par_1_10' title="bbox 126 4249 1265 4539">
     <span class='ocr_line' id='line_1_41' title="bbox 198 4249 1265 4332; baseline -0.003 -14"><span class='ocrx_word' id='word_1_297' title='bbox 198 4268 204 4296; x_wconf 90' lang='lat'>¹</span> <span class='ocrx_word' id='word_1_298' title='bbox 216 4265 312 4318; x_wconf 86' lang='lat' dir='ltr'>Pseud.</span> <span class='ocrx_word' id='word_1_299' title='bbox 320 4265 371 4331; x_wconf 80' lang='lat'>1,3,</span> <span class='ocrx_word' id='word_1_300' title='bbox 384 4266 439 4317; x_wconf 81' lang='lat'>135.</span> <span class='ocrx_word' id='word_1_301' title='bbox 469 4264 547 4317; x_wconf 79' lang='lat' dir='ltr'>²Hor.</span> <span class='ocrx_word' id='word_1_302' title='bbox 561 4264 634 4332; x_wconf 80' lang='lat' dir='ltr'>Epi.</span> <span class='ocrx_word' id='word_1_303' title='bbox 645 4249 729 4330; x_wconf 41' lang='lat' dir='ltr'>Qut*</span> <span class='ocrx_word' id='word_1_304' title='bbox 755 4264 824 4316; x_wconf 63' lang='lat' dir='ltr'>rnu-</span> <span class='ocrx_word' id='word_1_305' title='bbox 834 4264 869 4314; x_wconf 88' lang='lat' dir='ltr'>iru</span> <span class='ocrx_word' id='word_1_306' title='bbox 884 4264 941 4315; x_wconf 84' lang='lat' dir='ltr'>Aul.</span> <span class='ocrx_word' id='word_1_307' title='bbox 954 4264 1000 4316; x_wconf 88' lang='lat' dir='ltr'>des</span> <span class='ocrx_word' id='word_1_308' title='bbox 1012 4261 1112 4316; x_wconf 83' lang='lat' dir='ltr'>vonBr.</span> <span class='ocrx_word' id='word_1_309' title='bbox 1122 4263 1265 4317; x_wconf 77' lang='lat' dir='ltr'>erwdhute.</span> 
     </span>
     <span class='ocr_line' id='line_1_42' title="bbox 130 4330 1264 4417; baseline 0.001 -34"><span class='ocrx_word' id='word_1_310' title='bbox 130 4332 199 4385; x_wconf 69' lang='lat' dir='ltr'>¹Dio</span> <span class='ocrx_word' id='word_1_311' title='bbox 212 4334 322 4387; x_wconf 83' lang='lat' dir='ltr'>Articuli</span> <span class='ocrx_word' id='word_1_312' title='bbox 342 4334 388 4385; x_wconf 82' lang='lat' dir='ltr'>der</span> <span class='ocrx_word' id='word_1_313' title='bbox 399 4332 495 4384; x_wconf 78' lang='lat' dir='ltr'>Kiiluer</span> <span class='ocrx_word' id='word_1_314' title='bbox 512 4349 594 4417; x_wconf 64' lang='lat' dir='ltr'>gagen</span> <span class='ocrx_word' id='word_1_315' title='bbox 612 4332 742 4384; x_wconf 84' lang='lat' dir='ltr'>Reuclrliu</span> <span class='ocrx_word' id='word_1_316' title='bbox 762 4333 839 4385; x_wconf 76' lang='lat'>1512.</span> <span class='ocrx_word' id='word_1_317' title='bbox 861 4333 993 4400; x_wconf 80' lang='lat' dir='ltr'>Geiger,</span> <span class='ocrx_word' id='word_1_318' title='bbox 1003 4330 1133 4384; x_wconf 86' lang='lat' dir='ltr'>Reuchliu</span> <span class='ocrx_word' id='word_1_319' title='bbox 1145 4331 1264 4386; x_wconf 67' lang='lat' dir='ltr'>savoa</span> 
     </span>
     <span class='ocr_line' id='line_1_43' title="bbox 127 4397 1264 4468; baseline 0.001 -17"><span class='ocrx_word' id='word_1_320' title='bbox 127 4403 137 4431; x_wconf 74' lang='lat'>⁵</span> <span class='ocrx_word' id='word_1_321' title='bbox 157 4400 204 4453; x_wconf 85' lang='lat' dir='ltr'>Ich</span> <span class='ocrx_word' id='word_1_322' title='bbox 224 4403 262 4455; x_wconf 68' lang='lat' dir='ltr'>las</span> <span class='ocrx_word' id='word_1_323' title='bbox 280 4402 371 4454; x_wconf 81' lang='lat' dir='ltr'>lr&#39;iibcr</span> <span class='ocrx_word' id='word_1_324' title='bbox 390 4403 579 4467; x_wconf 75' lang='grc' dir='ltr'>καλαμοφαγους</span> <span class='ocrx_word' id='word_1_325' title='bbox 597 4402 697 4468; x_wconf 56' lang='lat' dir='ltr'>(Tenes</span> <span class='ocrx_word' id='word_1_326' title='bbox 717 4397 922 4468; x_wconf 64' lang='lat' dir='ltr'>aalmopdyovr),</span> <span class='ocrx_word' id='word_1_327' title='bbox 944 4400 1010 4453; x_wconf 81' lang='lat' dir='ltr'>doch</span> <span class='ocrx_word' id='word_1_328' title='bbox 1021 4400 1102 4452; x_wconf 87' lang='lat' dir='ltr'>findot</span> <span class='ocrx_word' id='word_1_329' title='bbox 1119 4399 1177 4452; x_wconf 83' lang='lat' dir='ltr'>sloh</span> <span class='ocrx_word' id='word_1_330' title='bbox 1196 4399 1264 4452; x_wconf 84' lang='lat' dir='ltr'>Bur·</span> 
     </span>
     <span class='ocr_line' id='line_1_44' title="bbox 126 4467 1260 4539; baseline 0.004 -21"><span class='ocrx_word' id='word_1_331' title='bbox 126 4467 197 4519; x_wconf 66' lang='lat' dir='ltr'>stans</span> <span class='ocrx_word' id='word_1_332' title='bbox 218 4471 414 4538; x_wconf 75' lang='lat' dir='ltr'>Verbesscrung</span> <span class='ocrx_word' id='word_1_333' title='bbox 432 4470 551 4539; x_wconf 79' lang='lat' dir='ltr'>(Renoua.</span> <span class='ocrx_word' id='word_1_334' title='bbox 572 4471 636 4522; x_wconf 79' lang='lat' dir='ltr'>iiber</span> <span class='ocrx_word' id='word_1_335' title='bbox 655 4470 758 4521; x_wconf 89' lang='lat' dir='ltr'>mcincn</span> <span class='ocrx_word' id='word_1_336' title='bbox 777 4469 804 4522; x_wconf 82' lang='grc' dir='ltr'>Ε,</span> <span class='ocrx_word' id='word_1_337' title='bbox 833 4470 863 4522; x_wconf 92' lang='grc' dir='ltr'>ΙΙ.</span> <span class='ocrx_word' id='word_1_338' title='bbox 884 4469 908 4520; x_wconf 93' lang='lat' dir='ltr'>in</span> <span class='ocrx_word' id='word_1_339' title='bbox 929 4468 1029 4521; x_wconf 88' lang='lat' dir='ltr'>Ztschr.</span> <span class='ocrx_word' id='word_1_340' title='bbox 1047 4469 1064 4520; x_wconf 83' lang='lat' dir='ltr'>l.</span> <span class='ocrx_word' id='word_1_341' title='bbox 1084 4467 1215 4522; x_wconf 85' lang='lat' dir='ltr'>Fortschr.</span> <span class='ocrx_word' id='word_1_342' title='bbox 1235 4468 1260 4522; x_wconf 88' lang='lat' dir='ltr'>d.</span> 
     </span>
    </p>
   </div>
   <div class='ocr_carea' id='block_1_8' title="bbox 177 4536 1256 4676">
    <p class='ocr_par' dir='ltr' id='par_1_11' title="bbox 177 4536 1256 4676">
     <span class='ocr_line' id='line_1_45' title="bbox 177 4536 1256 4607; baseline -0.004 -16"><span class='ocrx_word' id='word_1_343' title='bbox 177 4540 345 4593; x_wconf 71' lang='lat' dir='ltr'>artumswrss.</span> <span class='ocrx_word' id='word_1_344' title='bbox 365 4539 424 4592; x_wconf 85' lang='lat' dir='ltr'>Vll.</span> <span class='ocrx_word' id='word_1_345' title='bbox 443 4539 542 4607; x_wconf 79' lang='lat' dir='ltr'>Jahrg,</span> <span class='ocrx_word' id='word_1_346' title='bbox 562 4538 749 4606; x_wconf 71' lang='lat' dir='ltr'>renisum)</span> <span class='ocrx_word' id='word_1_347' title='bbox 766 4538 793 4589; x_wconf 90' lang='lat' dir='ltr'>in</span> <span class='ocrx_word' id='word_1_348' title='bbox 805 4539 851 4590; x_wconf 88' lang='lat' dir='ltr'>dor</span> <span class='ocrx_word' id='word_1_349' title='bbox 863 4537 1034 4591; x_wconf 82' lang='lat' dir='ltr'>Haudschrift</span> <span class='ocrx_word' id='word_1_350' title='bbox 1051 4536 1182 4607; x_wconf 68' lang='lat' dir='ltr'>bmuugr.</span> <span class='ocrx_word' id='word_1_351' title='bbox 1204 4539 1256 4587; x_wconf 78' lang='lat' dir='ltr'>Bc·</span> 
     </span>
     <span class='ocr_line' id='line_1_46' title="bbox 185 4605 1120 4676; baseline -0.001 -17"><span class='ocrx_word' id='word_1_352' title='bbox 185 4605 257 4676; x_wconf 72' lang='lat' dir='ltr'>pa&#39;yor</span> <span class='ocrx_word' id='word_1_353' title='bbox 274 4608 464 4663; x_wconf 82' lang='lat' dir='ltr'>Eicheltrossor</span> <span class='ocrx_word' id='word_1_354' title='bbox 477 4630 509 4647; x_wconf 92' lang='lat'>=</span> <span class='ocrx_word' id='word_1_355' title='bbox 524 4607 667 4662; x_wconf 86' lang='lat' dir='ltr'>Barbaren.</span> <span class='ocrx_word' id='word_1_356' title='bbox 719 4606 774 4662; x_wconf 68' lang='grc' dir='ltr'>θΡ.</span> <span class='ocrx_word' id='word_1_357' title='bbox 792 4606 937 4661; x_wconf 77' lang='lat' dir='ltr'>Eberbach.</span> <span class='ocrx_word' id='word_1_358' title='bbox 955 4606 981 4660; x_wconf 84' lang='lat' dir='ltr'>S.</span> <span class='ocrx_word' id='word_1_359' title='bbox 996 4606 1030 4660; x_wconf 76' lang='lat'>97</span> <span class='ocrx_word' id='word_1_360' title='bbox 1048 4607 1080 4659; x_wconf 84' lang='lat' dir='ltr'>A.</span> <span class='ocrx_word' id='word_1_361' title='bbox 1096 4607 1120 4659; x_wconf 90' lang='lat'>1.</span> 
     </span>
    </p>
   </div>
   <div class='ocr_carea' id='block_1_9' title="bbox 0 0 1396 4966">
    <p class='ocr_par' dir='ltr' id='par_1_12' title="bbox 0 0 1396 4966">
     <span class='ocr_line' id='line_1_47' title="bbox 0 0 1396 4966; baseline 0 0"><span class='ocrx_word' id='word_1_362' title='bbox 0 0 1396 4966; x_wconf 95' lang='lat' dir='ltr'> </span> 
     </span>
    </p>
   </div>
  </div>
 </body>
</html>
