2774 4966
167 618 230 683 376
582 612 669 670 Brielo
687 613 734 667 des
751 612 776 670 J.
797 614 869 669 lora.

168 786 258 852 bordi
275 787 392 866 literas,
406 788 432 851 si
448 787 564 870 placet,
576 786 721 869 obsigna.
756 785 872 851 Gecusi
887 786 999 851 librum
1017 787 1105 852 brevi
1120 786 1291 851 remittam.

167 873 247 938 Item
270 875 414 957 exempla
436 874 515 952 tua,¹
549 896 630 957 quae
652 870 767 937 Janus²
801 873 941 955 perlegit..
987 873 1055 956 Ego
1089 873 1201 938 luciam
1231 872 1292 937 deo

168 962 303 1037 volente,
326 965 363 1024 ni
385 960 486 1024 ianus
513 961 571 1023 fiat
600 961 743 1024 notarius
772 959 901 1040 elegans
930 965 963 1023 et
990 959 1178 1025 causidicus.
1223 958 1293 1021 Hac

169 1049 253 1111 enim
275 1052 380 1111 aetate
403 1068 503 1128 genus
527 1047 587 1111 boc
608 1045 771 1110 homiuum
802 1044 938 1109 habetur
960 1046 991 1109 in
1015 1047 1125 1128 pretio.
1170 1042 1292 1121 Scribe,

168 1155 209 1197 au
232 1132 383 1197 Fulcinus
406 1133 533 1196 redierit
556 1155 573 1195 e
597 1128 723 1214 patria.⁸
769 1131 853 1211 Vale,
883 1133 1042 1196 carissime
1069 1136 1103 1197 et
1121 1129 1293 1195 reverende

119 1274 126 1285 .
168 1219 405 1302 paterfamilias.
450 1218 555 1282 Pridie
575 1218 649 1282 Idus
672 1216 759 1300 Sept.
788 1217 932 1282 MDXlll.

321 1319 382 1374 Cod.
402 1318 467 1374 Frol.
488 1319 544 1373 179.

170 1522 285 1592 (eona)
692 1508 763 1574 305.
1046 1522 1086 1578 23.
1105 1522 1175 1590 sept.
1194 1524 1293 1594 (1513).

520 1637 663 1707 blutian
686 1657 734 1707 an
758 1636 942 1706 Harbord.

169 1762 287 1827 (aranon
309 1764 358 1817 (Ius
382 1764 461 1818 arar
486 1765 513 1817 in
538 1765 687 1833 draqrruclr.
713 1764 754 1817 dic
778 1765 898 1817 Frercude
921 1763 1003 1815 ‹lecrclr
1028 1761 1238 1833 Errrrubnunpen
1256 1781 1296 1818 xu

169 1832 278 1897 bessem,
303 1834 358 1887 uod
380 1832 500 1887 bericldcl
523 1834 584 1886 tiber
604 1834 653 1886 den
676 1833 818 1886 ‹litslinr'un
840 1834 884 1885 des
911 1832 1017 1894 Caelus,
1035 1832 1081 1884 der
1098 1832 1184 1886 nr'cbtc
1206 1832 1295 1887 Neues

378 1903 482 1956 artizate.
519 1903 637 1970 Ansrope
654 1902 716 1955 ilbcr
733 1903 790 1955 rino
807 1903 901 1956 Iesu-rt
924 1902 962 1954 im
984 1901 1082 1967 Codex.)

181 2015 363 2067 Herebordo
381 2018 554 2079 margarito
572 2019 688 2070 oratori
706 2021 737 2070 et
752 2017 933 2079 jurisperito
952 2016 1068 2069 celabri
1087 2013 1141 2082 (M.
1158 2012 1283 2077 Rufus).

272 2125 304 2191 S.
338 2128 544 2194 Humanusne
558 2142 572 2170 ⁰
591 2129 653 2193 dici
669 2151 708 2192 an
729 2128 920 2193 inhumanus
936 2127 1039 2203 velim,
1053 2126 1131 2191 alias
1146 2125 1295 2207 equidem

171 2212 339 2277 decidero.⁸
383 2213 590 2280 Terentianus
621 2215 768 2279 Chremes
800 2214 930 2278 humani
953 2212 1033 2276 nihil
1057 2235 1075 2276 a
1097 2234 1131 2276 se
1153 2211 1295 2277 alianum

169 2298 288 2382 putat.⁵
333 2299 399 2382 Ego
433 2324 514 2373 vero,
537 2303 614 2384 quia
638 2302 775 2366 difficilis
799 2306 848 2365 est
871 2323 945 2363 cura
974 2322 1076 2363 rerum
1107 2299 1296 2375 alienarum,

171 2406 234 2449 nou
264 2385 305 2449 ad
331 2393 498 2470 quaestum
530 2389 584 2452 sed
608 2389 647 2451 ad
678 2390 871 2469 voluptatem
903 2387 1008 2450 studia
1036 2385 1145 2461 refero,
1176 2386 1296 2466 quietis

170 2494 280 2536 amans
303 2476 335 2536 et
357 2474 458 2537 cultor
489 2498 549 2538 nou
582 2475 727 2539 turbidae
760 2475 814 2538 sod
849 2472 1039 2555 tranquillae
1071 2471 1295 2536 bunranitatis.

170 2557 280 2639 Neque
303 2559 384 2622 enim
408 2566 464 2624 aut
487 2563 640 2625 astutusb
664 2584 733 2625 surn
757 2568 813 2624 aut
836 2560 1033 2635 ambitiosae,
1056 2559 1116 2620 nisi
1133 2562 1297 2639 quatenus

173 2645 296 2708 ratione
340 2651 371 2708 et
415 2649 606 2711 auctoritate
651 2648 838 2729 dignitatern
885 2650 1115 2709 uranulanere⁰
1165 2645 1295 2726 possim.

173 2732 328 2808 Quorsum
356 2731 457 2796 hooc?
501 2733 543 2798 Ut
574 2734 733 2814 intelligas
757 2739 788 2796 ta
812 2755 873 2796 nun
899 2731 1011 2794 (labere
1038 2731 1239 2809 stomachari,
1268 2731 1297 2794 si

171 2821 203 2881 te
231 2817 262 2880 iu
290 2818 440 2882 fluctibus
474 2820 612 2884 civilium
647 2821 890 2901 occupationum
926 2819 1054 2882 honoris·
1085 2822 1117 2881 et
1143 2817 1298 2899 pecuniae

173 2903 349 2987 cupiditate
371 2911 526 2970 errantem
551 2907 590 2969 ad
616 2914 739 2989 portum
765 2904 931 2970 sedatioris
953 2904 1037 2985 genii
1062 2903 1179 2967 crebris
1195 2903 1297 2967 literis

174 3012 370 3055 revocarem.
428 2992 521 3058 Soleo
559 2994 641 3056 euim
680 2994 758 3056 eniti
797 2999 828 3055 et
865 2990 996 3066 officere,
1035 2998 1068 3054 ut
1106 2990 1225 3054 amicos
1260 3012 1297 3053 se

172 3083 317 3141 amantes
339 3099 376 3140 ac
400 3077 496 3142 nimis
526 3080 679 3161 superbus
702 3079 740 3142 ad
763 3079 961 3153 modestiam,
990 3076 1133 3141 sordidos
1161 3097 1233 3140 vero
1263 3081 1299 3140 et

172 3162 289 3244 abjecti
311 3163 409 3227 animi
434 3165 473 3228 ad
497 3188 584 3248 spem
608 3166 812 3247 melioresque
842 3164 1002 3243 cogitatus
1030 3163 1186 3227 inducam.
1232 3160 1297 3227 Sed

174 3249 211 3313 da
228 3249 286 3314 hoc
302 3247 464 3313 hactenus.
512 3250 631 3332 ,Nune
649 3252 732 3332 quod
749 3252 856 3324 instat,
874 3248 1050 3331 agamus.“⁶
1096 3248 1210 3314 Geousi
1232 3247 1297 3313 tui’

174 3336 308 3416 digesta,
343 3356 423 3416 quae
460 3339 490 3401 in
525 3360 637 3401 manus
673 3344 796 3401 nostras
829 3337 892 3401 tuis
925 3337 1074 3418 auspiciis
1107 3341 1139 3399 et
1176 3334 1297 3400 Urbani

173 3423 271 3485 ductu
304 3428 466 3498 venerunt,
499 3431 620 3506 praeter
650 3432 837 3504 argumenta
867 3423 990 3504 legibus
1018 3422 1141 3503 adjecta
1164 3427 1196 3485 et
1219 3443 1299 3504 pau-

174 3508 317 3572 cissimas
340 3509 565 3574 adnotationes
588 3533 627 3573 ex
649 3510 718 3591 juro
743 3509 903 3592 pontificio
927 3509 1090 3589 decerptas
1115 3506 1193 3571 nilril
1222 3509 1298 3572 novi

173 3616 246 3678 prae
275 3617 308 3658 se
340 3593 452 3659 ferunt.
500 3596 556 3660 Est
578 3596 672 3660 isthic
694 3597 756 3660 alia
779 3596 887 3672 editio,
918 3595 972 3658 sed
1006 3616 1101 3676 pones
1132 3615 1212 3675 quos
1243 3594 1298 3673 sit,

172 3681 293 3761 ignoro,
338 3679 372 3743 ln
403 3704 466 3764 qua
496 3684 696 3766 corriguntur
726 3683 829 3764 legum
861 3682 980 3757 literae,
1012 3682 1144 3763 exempli
1176 3681 1297 3762 gratia:

173 3766 373 3831 scribendum
389 3790 456 3831 esse
471 3768 871 3851 „Vulpiauus“,legendum
887 3768 943 3850 ,do
955 3767 1071 3831 indiem
1084 3766 1298 3849 addictione“,

173 3857 206 3918 et
228 3852 259 3916 id
282 3874 381 3935 genus
409 3861 567 3919 sexcenta.
613 3855 747 3938 Dispice,
775 3856 801 3918 si
837 3877 885 3918 me
907 3876 1006 3929 amas,
1036 3876 1111 3917 num
1143 3853 1300 3935 ejusmodi

173 3939 400 4021 castigationes
423 3940 454 4002 in
478 3941 582 4004 fronte
613 3939 790 4005 habeantur
819 3940 910 4022 primi
943 3939 1014 4003 libri
1037 3963 1076 4002 au
1101 3947 1174 4021 pust
1200 3938 1299 4004 finem

174 4025 288 4101 ult-imi,
311 4048 350 4088 an
375 4025 426 4101 sit,
450 4031 486 4089 ut
508 4027 585 4103 dixi,
609 4027 670 4090 alia
693 4028 800 4099 editio,
826 4028 857 4088 in
882 4027 971 4107 cujus
1003 4047 1132 4106 corpore
1163 4031 1301 4106 purgata

173 4112 217 4176 sir.
239 4111 403 4174 verborum
429 4113 518 4175 ratio,
566 4114 761 4195 erarnquam
786 4113 934 4194 pleraque
963 4113 1057 4174 nullis
1085 4112 1300 4189 adminiculis,

172 4261 243 4269 ι--ι
285 4260 376 4267 —---—·

243 4348 257 4375 a
270 4333 411 4386 llunrauus
429 4350 469 4387 ne.
539 4337 553 4374 b
567 4338 695 4386 eustratus.
767 4337 936 4391 vrnanuloro.
954 4332 1068 4384 «torreor
1086 4347 1118 4383 no

245 4404 252 4432 ¹
272 4402 375 4455 Urbuus
392 4402 467 4454 Buclr
486 4401 611 4455 alar-ulus.
648 4402 673 4456 S.
692 4404 742 4453 :loa
762 4406 791 4455 Α.
810 4406 834 4456 Γ).
888 4406 897 4434 “·’
917 4401 1040 4467 lli-bicos,
1060 4400 1157 4452 lliencr
1174 4397 1300 4454 blutiaus

173 4468 199 4522 S.
217 4470 267 4524 ‘289
286 4474 318 4526 A.
338 4474 361 4524 1.
432 4472 514 4523 ³Aus
533 4470 688 4538 llavalborp,
707 4472 753 4524 dm
771 4472 921 4524 Valorstadt
952 4469 1081 4522 Voltzlros,
1152 4466 1300 4523 *Harbord

172 4537 276 4593 acheiut
293 4541 320 4593 in
338 4539 424 4593 oinern
441 4555 687 4608 rorangegangenou
704 4540 785 4592 ssricle
795 4541 851 4593 sich
863 4541 927 4592 iiber
938 4539 1054 4592 Martinus
1066 4537 1301 4607 Zuroclrtwoisung

172 4604 319 4662 bosclrwcrt
341 4626 375 4661 zu
398 4609 489 4663 lrubon.
560 4609 643 4666 aaa:
669 4609 808 4662 lloautonl.
832 4609 852 4663 1.
882 4610 904 4676 1,
923 4609 964 4663 ‘2:3.
1001 4608 1053 4661 tic.
1073 4606 1112 4659 llo
1129 4606 1171 4659 off.
1191 4605 1212 4674 1,
1230 4607 1256 4675 9,
1274 4610 1300 4665 7.

206 4675 310 4738 ⁰th
327 4677 405 4749 Verg.
423 4677 477 4734 ael.
495 4678 545 4748 IX,
562 4678 603 4735 66.
674 4678 760 4749 ⁷ng
778 4677 822 4732 Br.
841 4678 900 4733 303.
919 4677 977 4733 304.
