2774 4966
125 634 189 703 406
544 633 738 690 sectarer.
759 633 832 691 151⁴.

128 809 246 876 latinas
267 808 386 883 literas,
409 807 526 888 quibus
548 805 600 871 ille
623 812 731 870 noster
746 806 969 871 ornatissimus
985 810 1043 884 est,
1060 806 1256 873 fautoribus.

127 896 206 962 Mihi
228 894 358 959 tametsi
381 893 439 957 fori
463 893 556 957 stilus
578 893 722 956 videatur
738 893 908 975 languidus
931 900 963 955 et.
985 894 1132 975 agrestis,
1149 893 1258 977 placet

125 990 233 1048 tamen
264 980 433 1044 admodum
468 979 566 1043 Breve
599 980 807 1060 apostolicum
841 981 872 1042 in
906 980 1042 1060 gratiam
1076 977 1257 1063 Capuionis

126 1066 356 1152 impetratum.¹
409 1065 524 1129 Paucis
557 1066 639 1128 enirn
672 1066 712 1128 ad
747 1069 821 1129 rota
854 1064 1025 1146 respondet
1058 1071 1089 1129 et
1124 1087 1256 1130 eausam

127 1155 253 1237 delegat
277 1174 339 1216 nou
363 1152 464 1215 solum
498 1151 607 1233 probo,
631 1151 804 1214 sedetiam
838 1151 1052 1215 illustrissimo
1087 1151 1256 1235 episeop03

128 1241 218 1323 cujus
238 1239 397 1322 sapientia
412 1242 444 1300 et
460 1238 560 1319 pietas
584 1237 668 1300 haud
692 1237 786 1300 dubie
803 1236 1020 1300 claudicantes
1042 1237 1257 1320 theologistas

128 1329 159 1391 in
184 1325 368 1389 barathrum
393 1323 432 1386 ad
455 1323 565 1386 ambas
589 1345 688 1405 usque
712 1345 803 1385 aures
826 1323 996 1404 demerget,
1018 1328 1144 1388 servato
1161 1323 1257 1388 nobis

128 1411 290 1495 Capnione
313 1409 473 1472 communi
497 1412 656 1489 magistro.
704 1408 794 1472 Abba
820 1415 852 1470 et
875 1408 989 1471 Crotus
1012 1430 1069 1472 sua
1093 1410 1256 1473 desidera-

128 1494 234 1562 bunt.¹
278 1495 390 1577 ltaque
418 1515 548 1575 propere
578 1495 667 1574 legas
689 1499 720 1557 et
744 1495 827 1556 intra
858 1515 974 1575 paucos
1008 1494 1075 1558 dies
1109 1496 1257 1561 remittas

128 1584 230 1648 velim.
286 1581 387 1644 Hodie
426 1580 562 1644 vidimus
599 1581 776 1662 equitatum
815 1580 893 1643 satis
931 1580 1129 1662 splendidum
1164 1581 1257 1647 ducis

128 1665 288 1734 Joannis.⁸
334 1666 395 1730 Sed
419 1666 496 1730 haec
519 1666 654 1747 publica.
700 1665 784 1744 Heri,
808 1666 893 1746 quod
915 1687 985 1729 moa
1001 1667 1144 1740 interest,
1160 1667 1258 1733 rediit

129 1752 254 1820 Janus.‘
298 1753 371 1816 Dixi
401 1753 483 1816 serio
512 1752 680 1816 abhorrere
708 1774 778 1815 eum
802 1774 821 1814 a
845 1750 1096 1832 Tranquillitatc.
1141 1753 1258 1819 Abfuit

128 1842 186 1906 llll
222 1838 485 1915 hebdomadibus,
523 1838 566 1901 Ill
600 1838 720 1902 diebus.
781 1837 928 1919 Praecepi
965 1838 1091 1903 abituro
1127 1834 1256 1918 ταχέως

129 1924 260 1999 σπεῦδε,
293 1946 355 1987 non
388 1924 449 1988 luit
478 1925 562 1987 dieto
597 1924 737 1987 audiens.
785 1924 831 1985 dn
867 1923 1052 1988 surdaster?
1096 1924 1256 1991 Fortasse.

131 2014 193 2078 Sed
217 2011 339 2076 foedius
362 2010 402 2073 ob
426 2011 598 2074 vanitatem
624 2009 705 2073 male
727 2009 845 2072 audire.
891 2011 989 2091 Opem
1014 2032 1098 2074 eram
1121 2010 1257 2091 laturus,

130 2101 184 2164 sed
219 2097 372 2180 repudiat,
406 2102 437 2160 et
468 2098 574 2172 ceteri,
605 2101 641 2158 ut
669 2117 753 2159 nunc
782 2102 858 2159 sunt
880 2118 992 2174 mores,
1017 2098 1202 2179 imposturis
1224 2104 1259 2163 at

131 2186 222 2250 malis
256 2183 379 2248 artibus
415 2181 559 2245 haerent:
595 2182 685 2263 quasi
720 2181 911 2263 praeclarum
945 2183 989 2246 sit
1016 2186 1087 2247 astu
1112 2184 1258 2267 dolisque

130 2272 191 2337 niti
224 2275 256 2334 et
288 2270 350 2332 sihi
384 2267 515 2350 placere.
561 2268 645 2332 Haeo
676 2267 812 2350 querela.
866 2268 1038 2333 Duroniue⁵
1072 2268 1124 2334 hic
1159 2270 1259 2336 biduo

133 2357 222 2422 dedit
243 2376 369 2438 operam
392 2356 495 2435 genio.
540 2353 606 2418 Nos
629 2362 747 2431 nostra,
778 2354 866 2416 illum
890 2376 947 2417 sua
971 2355 1137 2420 delectant.
1183 2356 1258 2422 Non

136 2467 184 2508 me
207 2443 340 2514 vocavit,
367 2441 420 2503 sed
445 2438 619 2521 Figulum,⁶
646 2463 720 2504 suas
744 2440 881 2511 delicias,
906 2445 937 2503 et
959 2440 989 2502 id
1013 2463 1114 2522 genus
1137 2441 1257 2508 faecem

133 2528 404 2595 homunculorum.
462 2527 508 2589 Do
541 2525 596 2588 hl.⁷
627 2527 751 2608 judicas
785 2530 858 2590 aute
893 2548 1050 2591 comesum
1085 2551 1149 2592 una
1180 2529 1258 2594 salis

132 2616 280 2682 modium.
340 2612 375 2676 Si
413 2612 595 2676 dissimulas
628 2612 791 2695 judicium,
829 2634 891 2675 non
930 2612 1057 2691 falleris,
1095 2636 1165 2679 cum
1204 2614 1258 2680 ille

134 2703 262 2766 simulet
295 2721 451 2777 amorem3
474 2697 500 2761 si
524 2722 562 2761 ex
586 2699 685 2762 animi
708 2699 866 2763 sententia
897 2699 1044 2780 loqueris,
1077 2723 1189 2766 caecus
1213 2724 1257 2780 es,

133 2811 204 2853 cum
227 2790 441 2851 assentatores
464 2790 496 2848 et
518 2785 671 2849 derisores
705 2806 797 2849 nosse
827 2785 952 2848 debeas.
997 2786 1074 2862 Quis
1104 2786 1258 2853 suffectus
1309 2842 1320 2861 .

134 2880 183 2939 est
206 2875 236 2937 in
260 2874 363 2936 locum
388 2869 539 2935 Urielis?'’
583 2870 648 2935 Nos
671 2875 781 2935 contra
802 2871 897 2934 ritum
916 2871 1096 2953 philosophi
1116 2895 1259 2939 moerore

134 2983 223 3025 sacra
238 2959 378 3022 fecimus.
408 2957 566 3021 Risissent
582 2956 727 3032 Thraces,
744 2957 860 3041 quibus
875 2951 1053 3036 ἰαλεμίζειν
1068 2971 1082 2998 ⁸
1099 2960 1129 3023 in
1147 2959 1259 3025 funere

134 3045 302 3112 ridiculum
332 3049 389 3107 est.
435 3043 539 3106 lleurn
568 3049 679 3125 pectus
706 3043 841 3125 urgebat
869 3043 923 3107 illa
953 3045 1139 3122 recordatio,
1171 3046 1259 3128 quod

134 3155 243 3198 aurum
268 3130 417 3194 violasset
439 3136 594 3192 sanctum.
643 3130 782 3211 Ooaput
797 3129 949 3193 malorum
973 3131 1120 3211 pedania!
1159 3131 1260 3215 Atqui

136 3218 268 3284 mortuis
300 3221 391 3299 parta
425 3216 523 3296 quies.
570 3215 634 3278 Nos
671 3216 732 3279 alia
763 3237 801 3277 ex
832 3216 903 3278 aliis
932 3216 965 3279 in
996 3216 1063 3281 feta
1097 3239 1258 3285 vocamur.

136 3304 212 3369 Vale
235 3307 267 3367 et
290 3302 402 3365 famem
427 3301 542 3375 inedia,
566 3300 650 3382 quod
683 3300 830 3364 Socrates
863 3301 1054 3367 ambulando
1086 3304 1170 3380 lecit,
1198 3305 1260 3370 ob-

140 3412 226 3455 sona.
274 3386 390 3524 Psoqroq
408 3387 504 3523 qnirgro
514 3388 667 3469 optimum
692 3392 740 3450 est
763 3386 1008 3451 condimentum.
1054 3392 1169 3472 Χαῖρε.

344 3512 349 3524 .
390 3474 459 3524 rc.‘
505 3509 510 3520 .

138 3608 228 3663 oolla
653 3590 723 3654 334.
1059 3613 1080 3663 1.
1099 3612 1160 3678 rpr.
1181 3613 1259 3666 1514.

508 3691 652 3760 Mutian
674 3711 722 3761 an
744 3691 882 3763 Urban.

139 3797 236 3864 (Jumra
260 3794 380 3858 Urbicus,
399 3793 520 3848 Matiane
538 3794 678 3863 beshm‘per
700 3794 803 3858 Debuer,
822 3797 873 3850 soll
887 3797 939 3849 mit
956 3797 1045 3852 Adam
1062 3799 1176 3853 Publius
1200 3817 1260 3853 eer-
1313 3804 1318 3815 ‘

422 3863 525 3916 tauscht
542 3864 641 3916 socrdem
658 3864 715 3916 emet
730 3864 800 3917 reird
815 3865 977 3933 ernpsolrlcrr.)

206 3986 400 4106 lllhlihitwll.
428 4051 494 4104 Nou.
524 4052 596 4105 1513.
632 4051 757 4119 liniger,
784 4051 892 4106 Rouchl.
912 4052 937 4106 S.
956 4053 1013 4108 ⁶298.
1084 4055 1260 4113 ²Hartmann

141 4139 166 4175 u.
185 4121 276 4175 Crotus
294 4122 381 4174 hatten
399 4120 548 4173 »formulae«
567 4120 703 4189 (Litargie)
728 4122 886 4189 oingosandt.
923 4122 980 4189 Vgl.
999 4122 1025 4176 S.
1043 4123 1141 4178 4141.
1161 4127 1185 4179 6.

175 4190 304 4257 ¹'Herzog
319 4189 421 4242 Johann
439 4206 490 4242 von
507 4188 621 4263 Sachsen
646 4205 699 4240 war
725 4206 775 4241 von
803 4190 964 4260 Donnorstag
989 4192 1056 4244 naoh
1083 4193 1190 4247 Caumte
1217 4197 1259 4253 bis

140 4258 245 4326 hlontag
269 4258 337 4311 nach
363 4258 464 4310 Exaudi
489 4258 608 4325 (lu-nr.
632 4257 696 4325 Mai)
726 4258 774 4309 mit
799 4258 935 4311 Gomalrlin
954 4260 980 4312 in
998 4260 1083 4313 Gotha
1108 4267 1257 4323 anwesenu.

142 4326 299 4449 Qstffihlng
326 4326 372 4404 des
397 4325 732 4447 3s⁰lm³qull⁸gl⁸³r⁰hl,
754 4326 802 4427 qu
821 4326 910 4379 Reiter
927 4329 1010 4380 trater
1027 4328 1118 4382 trither
1134 4331 1184 4432 equ.

140 4397 396 4518 neunibiiisliiii.
416 4411 500 4517 diii
512 4412 593 4515 aie
608 4394 936 4528 '⁴9²dlhmf'hlll
947 4397 976 4516 el·
987 4397 1167 4534 hiisselinn.
1177 4399 1257 4524 squ:

140 4532 247 4587 Schluse
266 4550 289 4587 v.
308 4531 350 4586 Br.
368 4532 425 4586 330.
495 4530 609 4583 ⁸Uriols
627 4548 651 4584 v.
670 4530 847 4599 Gomrningen,
866 4531 940 4584 Erzlr.
959 4550 984 4587 v.
1004 4533 1099 4599 hlainz,
1112 4535 1166 4599 †8.
1176 4536 1253 4593 Febr.

142 4603 215 4654 1514.
250 4605 291 4655 An
307 4601 379 4654 soino
397 4599 476 4653 Stella
494 4600 582 4653 surde
599 4615 641 4652 am
660 4599 683 4653 9.
701 4598 772 4652 littra
800 4616 861 4653 vom
886 4600 988 4655 Domlra
1005 4602 1051 4655 ital
1077 4603 1204 4659 Albreoht
1228 4625 1254 4663 v.

142 4668 325 4740 Brundenburg
342 4667 465 4740 gawthlt'
495 4666 576 4738 May,
592 4666 668 4722 hab.
680 4667 751 4722 Albr.
769 4667 803 4722 II.
822 4685 847 4724 v.
865 4668 959 4727 nane.
976 4618 1083 4725 lldnch.
1097 4671 1195 4739 18751,
1209 4675 1251 4733 26.
