<?xml version="1.0" encoding="UTF-8"?>
<!DOCTYPE html PUBLIC "-//W3C//DTD XHTML 1.0 Transitional//EN"
    "http://www.w3.org/TR/xhtml1/DTD/xhtml1-transitional.dtd">
<html xmlns="http://www.w3.org/1999/xhtml" xml:lang="en" lang="en">
 <head>
  <title>
</title>
<meta http-equiv="Content-Type" content="text/html;charset=utf-8" />
  <meta name='ocr-system' content='tesseract 3.04.00' />
  <meta name='ocr-capabilities' content='ocr_page ocr_carea ocr_par ocr_line ocrx_word'/>
</head>
<body>
  <div class='ocr_page' id='page_1' title='image "./derbriefwechsel00kraugoog_0614.png"; bbox 0 0 2774 4966; ppageno 0'>
   <div class='ocr_carea' id='block_1_1' title="bbox 577 610 1276 675">
    <p class='ocr_par' dir='ltr' id='par_1_1' title="bbox 577 610 1276 675">
     <span class='ocr_line' id='line_1_1' title="bbox 577 610 1276 675; baseline 0.01 -9"><span class='ocrx_word' id='word_1_1' title='bbox 577 613 682 667; x_wconf 84' lang='lat' dir='ltr'>blutian</span> <span class='ocrx_word' id='word_1_2' title='bbox 702 629 736 666; x_wconf 88' lang='lat' dir='ltr'>an</span> <span class='ocrx_word' id='word_1_3' title='bbox 757 611 854 668; x_wconf 73' lang='lat' dir='ltr'>doben.</span> <span class='ocrx_word' id='word_1_4' title='bbox 1214 610 1276 675; x_wconf 76' lang='grc'>527</span> 
     </span>
    </p>
   </div>
   <div class='ocr_carea' id='block_1_2' title="bbox 51 782 1284 3663">
    <p class='ocr_par' dir='ltr' id='par_1_2' title="bbox 51 782 1284 3663">
     <span class='ocr_line' id='line_1_2' title="bbox 144 782 1269 866; baseline -0.003 -18"><span class='ocrx_word' id='word_1_5' title='bbox 144 785 358 849; x_wconf 87' lang='lat' dir='ltr'>intermissum</span> <span class='ocrx_word' id='word_1_6' title='bbox 398 785 504 847; x_wconf 89' lang='lat' dir='ltr'>nescio</span> <span class='ocrx_word' id='word_1_7' title='bbox 543 806 606 866; x_wconf 90' lang='lat' dir='ltr'>qua</span> <span class='ocrx_word' id='word_1_8' title='bbox 642 785 796 857; x_wconf 83' lang='lat' dir='ltr'>socordia,</span> <span class='ocrx_word' id='word_1_9' title='bbox 834 786 951 848; x_wconf 90' lang='lat' dir='ltr'>invitat</span> <span class='ocrx_word' id='word_1_10' title='bbox 987 786 1084 848; x_wconf 90' lang='lat' dir='ltr'>etiam</span> <span class='ocrx_word' id='word_1_11' title='bbox 1122 782 1269 848; x_wconf 89' lang='lat' dir='ltr'>Ulricbus</span> 
     </span>
     <span class='ocr_line' id='line_1_3' title="bbox 144 868 1271 951; baseline -0.002 -18"><span class='ocrx_word' id='word_1_12' title='bbox 144 869 328 933; x_wconf 88' lang='lat' dir='ltr'>Huttenus.&#39;</span> <span class='ocrx_word' id='word_1_13' title='bbox 377 869 437 931; x_wconf 87' lang='lat' dir='ltr'>Vos</span> <span class='ocrx_word' id='word_1_14' title='bbox 467 870 529 932; x_wconf 91' lang='lat' dir='ltr'>duo</span> <span class='ocrx_word' id='word_1_15' title='bbox 560 871 666 950; x_wconf 89' lang='lat' dir='ltr'>magni</span> <span class='ocrx_word' id='word_1_16' title='bbox 698 876 808 951; x_wconf 86' lang='lat' dir='ltr'>poetae</span> <span class='ocrx_word' id='word_1_17' title='bbox 830 872 877 934; x_wconf 87' lang='lat' dir='ltr'>ita</span> <span class='ocrx_word' id='word_1_18' title='bbox 900 893 948 934; x_wconf 91' lang='lat' dir='ltr'>me</span> <span class='ocrx_word' id='word_1_19' title='bbox 972 871 1101 933; x_wconf 90' lang='lat' dir='ltr'>naribus</span> <span class='ocrx_word' id='word_1_20' title='bbox 1131 868 1271 943; x_wconf 85' lang='lat' dir='ltr'>trahitis,</span> 
     </span>
     <span class='ocr_line' id='line_1_4' title="bbox 145 953 1272 1038; baseline -0.003 -21"><span class='ocrx_word' id='word_1_21' title='bbox 145 960 181 1019; x_wconf 88' lang='lat' dir='ltr'>ut</span> <span class='ocrx_word' id='word_1_22' title='bbox 203 955 296 1018; x_wconf 88' lang='lat' dir='ltr'>velim</span> <span class='ocrx_word' id='word_1_23' title='bbox 322 955 417 1017; x_wconf 91' lang='lat' dir='ltr'>nolim</span> <span class='ocrx_word' id='word_1_24' title='bbox 441 976 555 1036; x_wconf 88' lang='lat' dir='ltr'>sequar</span> <span class='ocrx_word' id='word_1_25' title='bbox 572 976 635 1017; x_wconf 90' lang='lat' dir='ltr'>vos.</span> <span class='ocrx_word' id='word_1_26' title='bbox 682 955 761 1019; x_wconf 87' lang='lat' dir='ltr'>Nam</span> <span class='ocrx_word' id='word_1_27' title='bbox 778 957 931 1038; x_wconf 87' lang='lat' dir='ltr'>epistolae</span> <span class='ocrx_word' id='word_1_28' title='bbox 949 961 1070 1018; x_wconf 85' lang='lat' dir='ltr'>vestrae</span> <span class='ocrx_word' id='word_1_29' title='bbox 1088 976 1150 1017; x_wconf 90' lang='lat' dir='ltr'>non</span> <span class='ocrx_word' id='word_1_30' title='bbox 1168 953 1272 1017; x_wconf 91' lang='lat' dir='ltr'>solum</span> 
     </span>
     <span class='ocr_line' id='line_1_5' title="bbox 144 1039 1273 1121; baseline -0.003 -18"><span class='ocrx_word' id='word_1_31' title='bbox 144 1045 260 1103; x_wconf 88' lang='lat' dir='ltr'>teretes</span> <span class='ocrx_word' id='word_1_32' title='bbox 283 1045 359 1102; x_wconf 90' lang='lat' dir='ltr'>sunt</span> <span class='ocrx_word' id='word_1_33' title='bbox 380 1043 477 1120; x_wconf 91' lang='lat' dir='ltr'>atque</span> <span class='ocrx_word' id='word_1_34' title='bbox 501 1042 665 1109; x_wconf 83' lang='lat' dir='ltr'>rotundae,</span> <span class='ocrx_word' id='word_1_35' title='bbox 688 1040 743 1103; x_wconf 89' lang='lat' dir='ltr'>sed</span> <span class='ocrx_word' id='word_1_36' title='bbox 767 1042 862 1104; x_wconf 86' lang='lat' dir='ltr'>etiam</span> <span class='ocrx_word' id='word_1_37' title='bbox 894 1041 980 1104; x_wconf 90' lang='lat' dir='ltr'>velut</span> <span class='ocrx_word' id='word_1_38' title='bbox 1009 1040 1097 1121; x_wconf 88' lang='lat' dir='ltr'>asylo</span> <span class='ocrx_word' id='word_1_39' title='bbox 1130 1039 1273 1102; x_wconf 82' lang='lat' dir='ltr'>concitae</span> 
     </span>
     <span class='ocr_line' id='line_1_6' title="bbox 146 1124 1273 1204; baseline -0.003 -16"><span class='ocrx_word' id='word_1_40' title='bbox 146 1127 262 1189; x_wconf 85' lang='lat' dir='ltr'>tulmen</span> <span class='ocrx_word' id='word_1_41' title='bbox 299 1124 427 1191; x_wconf 82' lang='lat' dir='ltr'>babent.</span> <span class='ocrx_word' id='word_1_42' title='bbox 460 1130 490 1187; x_wconf 90' lang='lat' dir='ltr'>et</span> <span class='ocrx_word' id='word_1_43' title='bbox 521 1146 592 1187; x_wconf 82' lang='lat' dir='ltr'>cunr</span> <span class='ocrx_word' id='word_1_44' title='bbox 624 1125 679 1187; x_wconf 91' lang='lat' dir='ltr'>alii</span> <span class='ocrx_word' id='word_1_45' title='bbox 713 1137 789 1188; x_wconf 74' lang='lat' dir='ltr'>me⁸</span> <span class='ocrx_word' id='word_1_46' title='bbox 821 1127 1023 1202; x_wconf 71' lang='lat' dir='ltr'>admoneant,</span> <span class='ocrx_word' id='word_1_47' title='bbox 1058 1146 1113 1188; x_wconf 92' lang='lat' dir='ltr'>vos</span> <span class='ocrx_word' id='word_1_48' title='bbox 1148 1124 1273 1204; x_wconf 89' lang='lat' dir='ltr'>cogitis.</span> 
     </span>
     <span class='ocr_line' id='line_1_7' title="bbox 148 1209 1276 1294; baseline -0.003 -21"><span class='ocrx_word' id='word_1_49' title='bbox 148 1211 279 1284; x_wconf 74' lang='lat' dir='ltr'>Amabo</span> <span class='ocrx_word' id='word_1_50' title='bbox 311 1209 386 1273; x_wconf 91' lang='lat' dir='ltr'>boni</span> <span class='ocrx_word' id='word_1_51' title='bbox 415 1211 482 1283; x_wconf 79' lang='lat' dir='ltr'>viri,</span> <span class='ocrx_word' id='word_1_52' title='bbox 507 1211 585 1290; x_wconf 92' lang='lat' dir='ltr'>quid</span> <span class='ocrx_word' id='word_1_53' title='bbox 609 1210 728 1272; x_wconf 76' lang='lat' dir='ltr'>vultis?</span> <span class='ocrx_word' id='word_1_54' title='bbox 773 1211 807 1275; x_wconf 88' lang='lat' dir='ltr'>Si</span> <span class='ocrx_word' id='word_1_55' title='bbox 838 1233 960 1294; x_wconf 88' lang='lat' dir='ltr'>possem</span> <span class='ocrx_word' id='word_1_56' title='bbox 993 1210 1142 1292; x_wconf 79' lang='lat' dir='ltr'><strong>prodesse</strong></span> <span class='ocrx_word' id='word_1_57' title='bbox 1175 1209 1276 1285; x_wconf 91' lang='lat' dir='ltr'>vobis,</span> 
     </span>
     <span class='ocr_line' id='line_1_8' title="bbox 149 1296 1276 1378; baseline -0.003 -20"><span class='ocrx_word' id='word_1_58' title='bbox 149 1302 268 1377; x_wconf 88' lang='lat' dir='ltr'>patrem</span> <span class='ocrx_word' id='word_1_59' title='bbox 292 1315 425 1374; x_wconf 82' lang='lat' dir='ltr'>agerem.</span> <span class='ocrx_word' id='word_1_60' title='bbox 474 1296 514 1358; x_wconf 81' lang='lat' dir='ltr'>Ar</span> <span class='ocrx_word' id='word_1_61' title='bbox 538 1297 593 1376; x_wconf 89' lang='lat' dir='ltr'>qui</span> <span class='ocrx_word' id='word_1_62' title='bbox 615 1296 773 1377; x_wconf 84' lang='lat' dir='ltr'>possum?</span> <span class='ocrx_word' id='word_1_63' title='bbox 816 1296 996 1378; x_wconf 88' lang='lat' dir='ltr'>Imploravi,</span> <span class='ocrx_word' id='word_1_64' title='bbox 1020 1303 1055 1358; x_wconf 92' lang='lat' dir='ltr'>ut</span> <span class='ocrx_word' id='word_1_65' title='bbox 1070 1298 1174 1359; x_wconf 90' lang='lat' dir='ltr'>tecum</span> <span class='ocrx_word' id='word_1_66' title='bbox 1192 1315 1276 1357; x_wconf 91' lang='lat' dir='ltr'>nunc</span> 
     </span>
     <span class='ocr_line' id='line_1_9' title="bbox 146 1378 1277 1461; baseline -0.002 -17"><span class='ocrx_word' id='word_1_67' title='bbox 146 1401 249 1461; x_wconf 88' lang='lat' dir='ltr'>agam,</span> <span class='ocrx_word' id='word_1_68' title='bbox 288 1379 425 1455; x_wconf 85' lang='lat' dir='ltr'>Eobane,</span> <span class='ocrx_word' id='word_1_69' title='bbox 463 1381 618 1443; x_wconf 85' lang='lat' dir='ltr'>auxilium</span> <span class='ocrx_word' id='word_1_70' title='bbox 664 1381 847 1460; x_wconf 88' lang='lat' dir='ltr'>Herebordi‚</span> <span class='ocrx_word' id='word_1_71' title='bbox 884 1386 916 1445; x_wconf 89' lang='lat' dir='ltr'>te</span> <span class='ocrx_word' id='word_1_72' title='bbox 953 1379 1181 1455; x_wconf 90' lang='lat' dir='ltr'>commendavi,</span> <span class='ocrx_word' id='word_1_73' title='bbox 1221 1378 1277 1443; x_wconf 90' lang='lat' dir='ltr'>sed</span> 
     </span>
     <span class='ocr_line' id='line_1_10' title="bbox 147 1463 1275 1548; baseline -0.003 -19"><span class='ocrx_word' id='word_1_74' title='bbox 147 1470 257 1530; x_wconf 85' lang='lat' dir='ltr'>nostra</span> <span class='ocrx_word' id='word_1_75' title='bbox 287 1467 429 1547; x_wconf 83' lang='lat' dir='ltr'>cogitata</span> <span class='ocrx_word' id='word_1_76' title='bbox 458 1471 534 1528; x_wconf 86' lang='lat' dir='ltr'>sunt</span> <span class='ocrx_word' id='word_1_77' title='bbox 563 1464 676 1528; x_wconf 85' lang='lat' dir='ltr'>irrita.²</span> <span class='ocrx_word' id='word_1_78' title='bbox 722 1466 786 1528; x_wconf 86' lang='lat' dir='ltr'>Nec</span> <span class='ocrx_word' id='word_1_79' title='bbox 811 1468 842 1528; x_wconf 90' lang='lat' dir='ltr'>in</span> <span class='ocrx_word' id='word_1_80' title='bbox 867 1465 1060 1548; x_wconf 83' lang='lat' dir='ltr'>Capitolium</span> <span class='ocrx_word' id='word_1_81' title='bbox 1092 1463 1275 1538; x_wconf 79' lang='lat' dir='ltr'>ascendisti,</span> 
     </span>
     <span class='ocr_line' id='line_1_11' title="bbox 147 1550 1277 1634; baseline -0.003 -19"><span class='ocrx_word' id='word_1_82' title='bbox 147 1572 205 1615; x_wconf 88' lang='lat' dir='ltr'>nec</span> <span class='ocrx_word' id='word_1_83' title='bbox 225 1551 309 1613; x_wconf 90' lang='lat' dir='ltr'>inter</span> <span class='ocrx_word' id='word_1_84' title='bbox 332 1556 549 1632; x_wconf 82' lang='lat' dir='ltr'>praeceptores</span> <span class='ocrx_word' id='word_1_85' title='bbox 571 1550 758 1632; x_wconf 87' lang='lat' dir='ltr'>Labyrintbi</span> <span class='ocrx_word' id='word_1_86' title='bbox 775 1556 807 1615; x_wconf 90' lang='lat' dir='ltr'>et</span> <span class='ocrx_word' id='word_1_87' title='bbox 829 1552 972 1634; x_wconf 89' lang='lat' dir='ltr'>loquacis</span> <span class='ocrx_word' id='word_1_88' title='bbox 994 1551 1178 1614; x_wconf 86' lang='lat' dir='ltr'>dialecticae</span> <span class='ocrx_word' id='word_1_89' title='bbox 1203 1569 1277 1630; x_wconf 86' lang='lat' dir='ltr'>gar-</span> 
     </span>
     <span class='ocr_line' id='line_1_12' title="bbox 147 1635 1276 1719; baseline -0.004 -19"><span class='ocrx_word' id='word_1_90' title='bbox 147 1637 207 1700; x_wconf 85' lang='lat' dir='ltr'>rire</span> <span class='ocrx_word' id='word_1_91' title='bbox 223 1637 283 1700; x_wconf 92' lang='lat' dir='ltr'>tibi</span> <span class='ocrx_word' id='word_1_92' title='bbox 299 1657 369 1698; x_wconf 89' lang='lat' dir='ltr'>cum</span> <span class='ocrx_word' id='word_1_93' title='bbox 392 1636 551 1717; x_wconf 88' lang='lat' dir='ltr'>stipendio</span> <span class='ocrx_word' id='word_1_94' title='bbox 575 1636 720 1716; x_wconf 89' lang='lat' dir='ltr'>contigit,</span> <span class='ocrx_word' id='word_1_95' title='bbox 738 1639 787 1700; x_wconf 89' lang='lat' dir='ltr'>uti</span> <span class='ocrx_word' id='word_1_96' title='bbox 804 1637 949 1719; x_wconf 84' lang='lat' dir='ltr'>optabas.</span> <span class='ocrx_word' id='word_1_97' title='bbox 989 1635 1079 1700; x_wconf 88' lang='lat' dir='ltr'>Musa</span> <span class='ocrx_word' id='word_1_98' title='bbox 1094 1639 1127 1699; x_wconf 92' lang='lat' dir='ltr'>te</span> <span class='ocrx_word' id='word_1_99' title='bbox 1142 1635 1276 1699; x_wconf 90' lang='lat' dir='ltr'>liberum</span> 
     </span>
     <span class='ocr_line' id='line_1_13' title="bbox 147 1718 1277 1803; baseline -0.002 -19"><span class='ocrx_word' id='word_1_100' title='bbox 147 1744 216 1785; x_wconf 85' lang='lat' dir='ltr'>esse</span> <span class='ocrx_word' id='word_1_101' title='bbox 232 1721 341 1784; x_wconf 90' lang='lat' dir='ltr'>voluit.</span> <span class='ocrx_word' id='word_1_102' title='bbox 382 1720 511 1784; x_wconf 90' lang='lat' dir='ltr'>Utinam</span> <span class='ocrx_word' id='word_1_103' title='bbox 529 1722 625 1785; x_wconf 88' lang='lat' dir='ltr'>istum</span> <span class='ocrx_word' id='word_1_104' title='bbox 648 1723 800 1784; x_wconf 90' lang='lat' dir='ltr'>rimosum</span> <span class='ocrx_word' id='word_1_105' title='bbox 824 1718 1069 1803; x_wconf 78' lang='lat' dir='ltr'>Labyrinthum⁸</span> <span class='ocrx_word' id='word_1_106' title='bbox 1086 1743 1157 1784; x_wconf 88' lang='lat' dir='ltr'>cum</span> <span class='ocrx_word' id='word_1_107' title='bbox 1174 1720 1277 1802; x_wconf 89' lang='lat' dir='ltr'>philo-</span> 
     </span>
     <span class='ocr_line' id='line_1_14' title="bbox 147 1805 1277 1888; baseline -0.002 -18"><span class='ocrx_word' id='word_1_108' title='bbox 147 1807 279 1888; x_wconf 87' lang='lat' dir='ltr'>sophico</span> <span class='ocrx_word' id='word_1_109' title='bbox 308 1807 549 1869; x_wconf 77' lang='lat' dir='ltr'>commutasses!</span> <span class='ocrx_word' id='word_1_110' title='bbox 595 1805 767 1870; x_wconf 89' lang='lat' dir='ltr'>Pristinam</span> <span class='ocrx_word' id='word_1_111' title='bbox 799 1808 882 1871; x_wconf 89' lang='lat' dir='ltr'>inter</span> <span class='ocrx_word' id='word_1_112' title='bbox 905 1828 963 1871; x_wconf 87' lang='lat' dir='ltr'>nos</span> <span class='ocrx_word' id='word_1_113' title='bbox 986 1806 1277 1870; x_wconf 78' lang='lat' dir='ltr'>consuetudinemb</span> 
     </span>
     <span class='ocr_line' id='line_1_15' title="bbox 148 1890 1279 1974; baseline -0.001 -19"><span class='ocrx_word' id='word_1_114' title='bbox 148 1893 206 1971; x_wconf 87' lang='lat' dir='ltr'>(ita</span> <span class='ocrx_word' id='word_1_115' title='bbox 228 1890 312 1971; x_wconf 84' lang='lat' dir='ltr'>oras)</span> <span class='ocrx_word' id='word_1_116' title='bbox 344 1911 528 1953; x_wconf 87' lang='lat' dir='ltr'>conservare</span> <span class='ocrx_word' id='word_1_117' title='bbox 551 1892 637 1954; x_wconf 90' lang='lat' dir='ltr'>velis.</span> <span class='ocrx_word' id='word_1_118' title='bbox 684 1891 768 1955; x_wconf 89' lang='lat' dir='ltr'>Bene</span> <span class='ocrx_word' id='word_1_119' title='bbox 791 1893 941 1969; x_wconf 88' lang='lat' dir='ltr'>merendi,</span> <span class='ocrx_word' id='word_1_120' title='bbox 965 1891 1165 1974; x_wconf 86' lang='lat' dir='ltr'>objurgandl,</span> <span class='ocrx_word' id='word_1_121' title='bbox 1182 1891 1279 1954; x_wconf 88' lang='lat' dir='ltr'>casti·</span> 
     </span>
     <span class='ocr_line' id='line_1_16' title="bbox 148 1976 1278 2058; baseline 0 -18"><span class='ocrx_word' id='word_1_122' title='bbox 148 1977 246 2058; x_wconf 89' lang='lat' dir='ltr'>gandi</span> <span class='ocrx_word' id='word_1_123' title='bbox 280 1998 396 2040; x_wconf 90' lang='lat' dir='ltr'>morem</span> <span class='ocrx_word' id='word_1_124' title='bbox 430 1977 571 2038; x_wconf 86' lang='lat' dir='ltr'>servabo.</span> <span class='ocrx_word' id='word_1_125' title='bbox 617 1976 815 2058; x_wconf 84' lang='lat' dir='ltr'>Quamquam</span> <span class='ocrx_word' id='word_1_126' title='bbox 851 1977 996 2041; x_wconf 90' lang='lat' dir='ltr'>Christus</span> <span class='ocrx_word' id='word_1_127' title='bbox 1029 1998 1088 2040; x_wconf 92' lang='lat' dir='ltr'>suo</span> <span class='ocrx_word' id='word_1_128' title='bbox 1121 1999 1170 2041; x_wconf 90' lang='lat' dir='ltr'>me</span> <span class='ocrx_word' id='word_1_129' title='bbox 1200 1976 1278 2057; x_wconf 88' lang='lat' dir='ltr'>jugo</span> 
     </span>
     <span class='ocr_line' id='line_1_17' title="bbox 148 2061 1279 2142; baseline 0 -17"><span class='ocrx_word' id='word_1_130' title='bbox 148 2064 246 2126; x_wconf 88' lang='lat' dir='ltr'>ducat</span> <span class='ocrx_word' id='word_1_131' title='bbox 275 2063 309 2124; x_wconf 91' lang='lat' dir='ltr'>in</span> <span class='ocrx_word' id='word_1_132' title='bbox 336 2061 501 2142; x_wconf 85' lang='lat' dir='ltr'>antiquam</span> <span class='ocrx_word' id='word_1_133' title='bbox 532 2061 653 2124; x_wconf 86' lang='lat' dir='ltr'>silvam.</span> <span class='ocrx_word' id='word_1_134' title='bbox 702 2062 801 2126; x_wconf 88' lang='lat' dir='ltr'>Hodie</span> <span class='ocrx_word' id='word_1_135' title='bbox 830 2075 905 2125; x_wconf 78' lang='lat' dir='ltr'>mee</span> <span class='ocrx_word' id='word_1_136' title='bbox 935 2068 1027 2126; x_wconf 88' lang='lat' dir='ltr'>vocat</span> <span class='ocrx_word' id='word_1_137' title='bbox 1056 2062 1096 2125; x_wconf 88' lang='lat' dir='ltr'>ad</span> <span class='ocrx_word' id='word_1_138' title='bbox 1125 2061 1214 2125; x_wconf 83' lang='lat' dir='ltr'>betas</span> <span class='ocrx_word' id='word_1_139' title='bbox 1245 2066 1279 2125; x_wconf 91' lang='lat' dir='ltr'>et</span> 
     </span>
     <span class='ocr_line' id='line_1_18' title="bbox 149 2146 1279 2228; baseline 0 -18"><span class='ocrx_word' id='word_1_140' title='bbox 149 2148 279 2222; x_wconf 81' lang='lat' dir='ltr'>malvas,</span> <span class='ocrx_word' id='word_1_141' title='bbox 303 2151 473 2226; x_wconf 89' lang='lat' dir='ltr'>extorquet</span> <span class='ocrx_word' id='word_1_142' title='bbox 497 2146 656 2227; x_wconf 77' lang='lat' dir='ltr'>butyrum,</span> <span class='ocrx_word' id='word_1_143' title='bbox 680 2147 775 2210; x_wconf 86' lang='lat' dir='ltr'>infert</span> <span class='ocrx_word' id='word_1_144' title='bbox 797 2169 908 2228; x_wconf 89' lang='lat' dir='ltr'>garum</span> <span class='ocrx_word' id='word_1_145' title='bbox 932 2153 964 2211; x_wconf 90' lang='lat' dir='ltr'>et</span> <span class='ocrx_word' id='word_1_146' title='bbox 987 2148 1105 2225; x_wconf 82' lang='lat' dir='ltr'>oleum3</span> <span class='ocrx_word' id='word_1_147' title='bbox 1128 2148 1174 2210; x_wconf 88' lang='lat' dir='ltr'>ita</span> <span class='ocrx_word' id='word_1_148' title='bbox 1198 2147 1279 2210; x_wconf 89' lang='lat' dir='ltr'>beti-</span> 
     </span>
     <span class='ocr_line' id='line_1_19' title="bbox 149 2229 1275 2313; baseline -0.002 -17"><span class='ocrx_word' id='word_1_149' title='bbox 149 2254 269 2308; x_wconf 84' lang='lat' dir='ltr'>zamos‚</span> <span class='ocrx_word' id='word_1_150' title='bbox 298 2237 334 2295; x_wconf 91' lang='lat' dir='ltr'>ut</span> <span class='ocrx_word' id='word_1_151' title='bbox 364 2229 508 2294; x_wconf 84' lang='lat' dir='ltr'>Caesaris</span> <span class='ocrx_word' id='word_1_152' title='bbox 541 2230 666 2294; x_wconf 89' lang='lat' dir='ltr'>Octavii</span> <span class='ocrx_word' id='word_1_153' title='bbox 698 2232 794 2295; x_wconf 90' lang='lat' dir='ltr'>verbo</span> <span class='ocrx_word' id='word_1_154' title='bbox 826 2234 1086 2313; x_wconf 85' lang='lat' dir='ltr'>superstitionem</span> <span class='ocrx_word' id='word_1_155' title='bbox 1114 2232 1198 2295; x_wconf 89' lang='lat' dir='ltr'>hanc</span> <span class='ocrx_word' id='word_1_156' title='bbox 1225 2233 1275 2294; x_wconf 89' lang='lat' dir='ltr'>in-</span> 
     </span>
     <span class='ocr_line' id='line_1_20' title="bbox 149 2316 1277 2398; baseline -0.001 -17"><span class='ocrx_word' id='word_1_157' title='bbox 149 2316 301 2398; x_wconf 70' lang='lat' dir='ltr'>telligas⁸</span> <span class='ocrx_word' id='word_1_158' title='bbox 345 2316 476 2391; x_wconf 85' lang='lat' dir='ltr'>Quaeris</span> <span class='ocrx_word' id='word_1_159' title='bbox 499 2318 657 2379; x_wconf 88' lang='lat' dir='ltr'>novitates</span> <span class='ocrx_word' id='word_1_160' title='bbox 681 2319 809 2398; x_wconf 89' lang='lat' dir='ltr'>patrias.</span> <span class='ocrx_word' id='word_1_161' title='bbox 856 2318 1065 2391; x_wconf 87' lang='lat' dir='ltr'>Guilhelmus,</span> <span class='ocrx_word' id='word_1_162' title='bbox 1090 2338 1152 2379; x_wconf 92' lang='lat' dir='ltr'>non</span> <span class='ocrx_word' id='word_1_163' title='bbox 1175 2317 1277 2380; x_wconf 89' lang='lat' dir='ltr'>malus</span> 
     </span>
     <span class='ocr_line' id='line_1_21' title="bbox 150 2401 1278 2485; baseline -0.001 -19"><span class='ocrx_word' id='word_1_164' title='bbox 150 2404 304 2485; x_wconf 74' lang='lat' dir='ltr'>princepe,</span> <span class='ocrx_word' id='word_1_165' title='bbox 328 2407 466 2465; x_wconf 89' lang='lat' dir='ltr'>ceterum</span> <span class='ocrx_word' id='word_1_166' title='bbox 497 2401 656 2465; x_wconf 82' lang='lat' dir='ltr'>fanaticus</span> <span class='ocrx_word' id='word_1_167' title='bbox 679 2407 711 2465; x_wconf 88' lang='lat' dir='ltr'>et</span> <span class='ocrx_word' id='word_1_168' title='bbox 733 2403 874 2478; x_wconf 83' lang='lat' dir='ltr'>delirus,⁵</span> <span class='ocrx_word' id='word_1_169' title='bbox 905 2403 995 2467; x_wconf 89' lang='lat' dir='ltr'>obiit.</span> <span class='ocrx_word' id='word_1_170' title='bbox 1044 2402 1104 2465; x_wconf 81' lang='lat' dir='ltr'>Alii</span> <span class='ocrx_word' id='word_1_171' title='bbox 1138 2402 1278 2466; x_wconf 88' lang='lat' dir='ltr'>referunt</span> 
     </span>
     <span class='ocr_line' id='line_1_22' title="bbox 148 2485 1279 2552; baseline -0.001 -1"><span class='ocrx_word' id='word_1_172' title='bbox 148 2490 181 2551; x_wconf 88' lang='lat' dir='ltr'>in</span> <span class='ocrx_word' id='word_1_173' title='bbox 219 2509 327 2551; x_wconf 75' lang='lat' dir='ltr'>ceriam</span> <span class='ocrx_word' id='word_1_174' title='bbox 368 2491 566 2550; x_wconf 86' lang='lat' dir='ltr'>venenatam.</span> <span class='ocrx_word' id='word_1_175' title='bbox 622 2487 693 2550; x_wconf 89' lang='lat' dir='ltr'>Non</span> <span class='ocrx_word' id='word_1_176' title='bbox 733 2488 824 2551; x_wconf 90' lang='lat' dir='ltr'>eredo</span> <span class='ocrx_word' id='word_1_177' title='bbox 860 2511 966 2552; x_wconf 88' lang='lat' dir='ltr'>verum</span> <span class='ocrx_word' id='word_1_178' title='bbox 1001 2489 1033 2551; x_wconf 91' lang='lat' dir='ltr'>id</span> <span class='ocrx_word' id='word_1_179' title='bbox 1067 2507 1144 2551; x_wconf 88' lang='lat' dir='ltr'>esse.</span> <span class='ocrx_word' id='word_1_180' title='bbox 1201 2485 1279 2550; x_wconf 86' lang='lat' dir='ltr'>Vere</span> 
     </span>
     <span class='ocr_line' id='line_1_23' title="bbox 150 2570 1281 2655; baseline 0.002 -21"><span class='ocrx_word' id='word_1_181' title='bbox 150 2594 359 2655; x_wconf 85' lang='lat' dir='ltr'>quaecunque.</span> <span class='ocrx_word' id='word_1_182' title='bbox 387 2570 528 2635; x_wconf 87' lang='lat' dir='ltr'>humoris</span> <span class='ocrx_word' id='word_1_183' title='bbox 554 2578 643 2635; x_wconf 92' lang='lat' dir='ltr'>motu</span> <span class='ocrx_word' id='word_1_184' title='bbox 672 2577 848 2650; x_wconf 88' lang='lat' dir='ltr'>moventur,</span> <span class='ocrx_word' id='word_1_185' title='bbox 878 2575 911 2636; x_wconf 91' lang='lat' dir='ltr'>in</span> <span class='ocrx_word' id='word_1_186' title='bbox 935 2578 1020 2636; x_wconf 89' lang='lat' dir='ltr'>metu</span> <span class='ocrx_word' id='word_1_187' title='bbox 1052 2594 1121 2635; x_wconf 88' lang='lat' dir='ltr'>esse</span> <span class='ocrx_word' id='word_1_188' title='bbox 1148 2594 1281 2636; x_wconf 89' lang='lat' dir='ltr'>consue·</span> 
     </span>
     <span class='ocr_line' id='line_1_24' title="bbox 151 2657 1280 2740; baseline 0 -20"><span class='ocrx_word' id='word_1_189' title='bbox 151 2665 272 2722; x_wconf 90' lang='lat' dir='ltr'>verunt.</span> <span class='ocrx_word' id='word_1_190' title='bbox 319 2657 429 2738; x_wconf 86' lang='lat' dir='ltr'>ltaque</span> <span class='ocrx_word' id='word_1_191' title='bbox 452 2679 548 2720; x_wconf 87' lang='lat' dir='ltr'>causa</span> <span class='ocrx_word' id='word_1_192' title='bbox 570 2658 682 2720; x_wconf 90' lang='lat' dir='ltr'>mortis</span> <span class='ocrx_word' id='word_1_193' title='bbox 704 2663 773 2721; x_wconf 88' lang='lat' dir='ltr'>erat</span> <span class='ocrx_word' id='word_1_194' title='bbox 802 2662 866 2721; x_wconf 84' lang='lat' dir='ltr'>tarn</span> <span class='ocrx_word' id='word_1_195' title='bbox 898 2660 1082 2740; x_wconf 89' lang='lat' dir='ltr'>repentinae</span> <span class='ocrx_word' id='word_1_196' title='bbox 1112 2657 1280 2721; x_wconf 89' lang='lat' dir='ltr'>abscessus</span> 
     </span>
     <span class='ocr_line' id='line_1_25' title="bbox 149 2740 1279 2825; baseline 0 -18"><span class='ocrx_word' id='word_1_197' title='bbox 149 2745 300 2825; x_wconf 88' lang='lat' dir='ltr'>corporis,</span> <span class='ocrx_word' id='word_1_198' title='bbox 324 2740 436 2805; x_wconf 85' lang='lat' dir='ltr'>Graeci</span> <span class='ocrx_word' id='word_1_199' title='bbox 459 2748 658 2824; x_wconf 82' lang='lat' dir='ltr'>apostemata</span> <span class='ocrx_word' id='word_1_200' title='bbox 676 2744 851 2806; x_wconf 88' lang='lat' dir='ltr'>nominant.</span> <span class='ocrx_word' id='word_1_201' title='bbox 898 2743 963 2806; x_wconf 90' lang='lat' dir='ltr'>Nos</span> <span class='ocrx_word' id='word_1_202' title='bbox 978 2745 1059 2807; x_wconf 88' lang='lat' dir='ltr'>sacri</span> <span class='ocrx_word' id='word_1_203' title='bbox 1076 2749 1279 2825; x_wconf 87' lang='lat' dir='ltr'>parentamur</span> 
     </span>
     <span class='ocr_line' id='line_1_26' title="bbox 150 2826 1277 2910; baseline -0.002 -18"><span class='ocrx_word' id='word_1_204' title='bbox 150 2830 236 2892; x_wconf 90' lang='lat' dir='ltr'>illios</span> <span class='ocrx_word' id='word_1_205' title='bbox 259 2828 415 2891; x_wconf 88' lang='lat' dir='ltr'>manibus.</span> <span class='ocrx_word' id='word_1_206' title='bbox 461 2826 610 2909; x_wconf 81' lang='lat' dir='ltr'>Collegae</span> <span class='ocrx_word' id='word_1_207' title='bbox 633 2835 781 2909; x_wconf 86' lang='lat' dir='ltr'>repetunt</span> <span class='ocrx_word' id='word_1_208' title='bbox 804 2834 835 2892; x_wconf 92' lang='lat' dir='ltr'>et</span> <span class='ocrx_word' id='word_1_209' title='bbox 859 2828 964 2893; x_wconf 88' lang='lat' dir='ltr'>decies</span> <span class='ocrx_word' id='word_1_210' title='bbox 987 2831 1104 2892; x_wconf 88' lang='lat' dir='ltr'>iterant</span> <span class='ocrx_word' id='word_1_211' title='bbox 1127 2827 1277 2910; x_wconf 88' lang='lat' dir='ltr'>requiam.</span> 
     </span>
     <span class='ocr_line' id='line_1_27' title="bbox 152 2903 1280 2997; baseline 0 -21"><span class='ocrx_word' id='word_1_212' title='bbox 152 2915 218 2995; x_wconf 83' lang='lat' dir='ltr'>Ego</span> <span class='ocrx_word' id='word_1_213' title='bbox 242 2914 325 2991; x_wconf 90' lang='lat' dir='ltr'>novi,</span> <span class='ocrx_word' id='word_1_214' title='bbox 349 2913 426 2993; x_wconf 89' lang='lat' dir='ltr'>quid</span> <span class='ocrx_word' id='word_1_215' title='bbox 449 2914 492 2975; x_wconf 91' lang='lat' dir='ltr'>sit</span> <span class='ocrx_word' id='word_1_216' title='bbox 515 2910 567 2984; x_wconf 79' lang='grc' dir='ltr'>δὶς</span> <span class='ocrx_word' id='word_1_217' title='bbox 587 2905 741 2996; x_wconf 67' lang='grc' dir='ltr'>κράμβη,“</span> <span class='ocrx_word' id='word_1_218' title='bbox 774 2914 851 2995; x_wconf 89' lang='lat' dir='ltr'>quid</span> <span class='ocrx_word' id='word_1_219' title='bbox 882 2911 1068 2997; x_wconf 75' lang='grc' dir='ltr'><em>βρεκεκεκὲξ</em></span> <span class='ocrx_word' id='word_1_220' title='bbox 1087 2903 1171 2990; x_wconf 55' lang='lat' dir='ltr'>aod&amp;</span> <span class='ocrx_word' id='word_1_221' title='bbox 1191 2903 1280 2991; x_wconf 75' lang='grc' dir='ltr'><em>κοάξ.</em></span> 
     </span>
     <span class='ocr_line' id='line_1_28' title="bbox 152 2998 1281 3079; baseline 0 -17"><span class='ocrx_word' id='word_1_222' title='bbox 152 2999 289 3063; x_wconf 87' lang='lat' dir='ltr'>Proinde</span> <span class='ocrx_word' id='word_1_223' title='bbox 323 3019 446 3061; x_wconf 90' lang='lat' dir='ltr'>mecum</span> <span class='ocrx_word' id='word_1_224' title='bbox 480 2999 526 3061; x_wconf 90' lang='lat' dir='ltr'>sio</span> <span class='ocrx_word' id='word_1_225' title='bbox 560 3019 681 3061; x_wconf 89' lang='lat' dir='ltr'>musso:</span> <span class='ocrx_word' id='word_1_226' title='bbox 720 2998 855 3079; x_wconf 85' lang='lat' dir='ltr'>,Absint</span> <span class='ocrx_word' id='word_1_227' title='bbox 884 3001 973 3063; x_wconf 82' lang='lat' dir='ltr'>inani</span> <span class='ocrx_word' id='word_1_228' title='bbox 1005 2999 1115 3062; x_wconf 86' lang='lat' dir='ltr'>funere</span> <span class='ocrx_word' id='word_1_229' title='bbox 1149 3001 1281 3062; x_wconf 88' lang='lat' dir='ltr'>naeniae</span> 
     </span>
     <span class='ocr_line' id='line_1_29' title="bbox 152 3083 1282 3166; baseline -0.002 -18"><span class='ocrx_word' id='word_1_230' title='bbox 152 3086 335 3166; x_wconf 87' lang='lat' dir='ltr'>Luctusque</span> <span class='ocrx_word' id='word_1_231' title='bbox 368 3088 476 3164; x_wconf 86' lang='lat' dir='ltr'>turpes</span> <span class='ocrx_word' id='word_1_232' title='bbox 506 3090 539 3146; x_wconf 90' lang='lat' dir='ltr'>et</span> <span class='ocrx_word' id='word_1_233' title='bbox 567 3085 791 3165; x_wconf 88' lang='lat' dir='ltr'>querimoniae.</span> <span class='ocrx_word' id='word_1_234' title='bbox 839 3083 1011 3165; x_wconf 86' lang='lat' dir='ltr'>Compesce</span> <span class='ocrx_word' id='word_1_235' title='bbox 1044 3084 1213 3148; x_wconf 88' lang='lat' dir='ltr'>clamorem</span> <span class='ocrx_word' id='word_1_236' title='bbox 1245 3106 1282 3147; x_wconf 91' lang='lat' dir='ltr'>ac</span> 
     </span>
     <span class='ocr_line' id='line_1_30' title="bbox 150 3167 1283 3252; baseline -0.001 -19"><span class='ocrx_word' id='word_1_237' title='bbox 150 3171 286 3252; x_wconf 88' lang='lat' dir='ltr'>sepulcri</span> <span class='ocrx_word' id='word_1_238' title='bbox 308 3168 400 3232; x_wconf 88' lang='lat' dir='ltr'>Mitte</span> <span class='ocrx_word' id='word_1_239' title='bbox 423 3189 635 3249; x_wconf 85' lang='lat' dir='ltr'>supervacuos</span> <span class='ocrx_word' id='word_1_240' title='bbox 662 3167 844 3233; x_wconf 80' lang='lat' dir='ltr'>bonores.“²</span> <span class='ocrx_word' id='word_1_241' title='bbox 890 3168 1120 3234; x_wconf 83' lang='lat' dir='ltr'>Hartmannus⁸</span> <span class='ocrx_word' id='word_1_242' title='bbox 1137 3171 1283 3251; x_wconf 88' lang='lat' dir='ltr'>princeps</span> 
     </span>
     <span class='ocr_line' id='line_1_31' title="bbox 151 3255 1282 3337; baseline 0 -19"><span class='ocrx_word' id='word_1_243' title='bbox 151 3260 374 3319; x_wconf 84' lang='lat' dir='ltr'>sacrosanctus</span> <span class='ocrx_word' id='word_1_244' title='bbox 422 3255 675 3318; x_wconf 88' lang='lat' dir='ltr'>studiosissimus</span> <span class='ocrx_word' id='word_1_245' title='bbox 713 3261 761 3318; x_wconf 89' lang='lat' dir='ltr'>est</span> <span class='ocrx_word' id='word_1_246' title='bbox 800 3259 836 3318; x_wconf 88' lang='lat' dir='ltr'>ut</span> <span class='ocrx_word' id='word_1_247' title='bbox 870 3255 1062 3337; x_wconf 89' lang='lat' dir='ltr'>reipublicae</span> <span class='ocrx_word' id='word_1_248' title='bbox 1099 3256 1144 3318; x_wconf 87' lang='lat' dir='ltr'>ita</span> <span class='ocrx_word' id='word_1_249' title='bbox 1181 3257 1282 3318; x_wconf 90' lang='lat' dir='ltr'>totius</span> 
     </span>
     <span class='ocr_line' id='line_1_32' title="bbox 51 3339 1281 3417; baseline 0 -13"><span class='ocrx_word' id='word_1_250' title='bbox 51 3360 58 3372; x_wconf 79' lang='lat'><strong><em>‘</em></strong></span> <span class='ocrx_word' id='word_1_251' title='bbox 153 3340 283 3404; x_wconf 88' lang='lat' dir='ltr'>literarii</span> <span class='ocrx_word' id='word_1_252' title='bbox 306 3339 437 3417; x_wconf 88' lang='lat' dir='ltr'>ordinis,</span> <span class='ocrx_word' id='word_1_253' title='bbox 461 3361 553 3402; x_wconf 89' lang='lat' dir='ltr'>verus</span> <span class='ocrx_word' id='word_1_254' title='bbox 575 3340 652 3402; x_wconf 89' lang='lat' dir='ltr'>mibi</span> <span class='ocrx_word' id='word_1_255' title='bbox 677 3341 768 3403; x_wconf 91' lang='lat' dir='ltr'>crede</span> <span class='ocrx_word' id='word_1_256' title='bbox 796 3339 963 3404; x_wconf 88' lang='lat' dir='ltr'>Maecenas</span> <span class='ocrx_word' id='word_1_257' title='bbox 992 3341 1108 3404; x_wconf 87' lang='lat' dir='ltr'>aetatis</span> <span class='ocrx_word' id='word_1_258' title='bbox 1143 3345 1281 3404; x_wconf 88' lang='lat' dir='ltr'>nostrae.</span> 
     </span>
     <span class='ocr_line' id='line_1_33' title="bbox 153 3423 1284 3506; baseline 0 -18"><span class='ocrx_word' id='word_1_259' title='bbox 153 3423 299 3489; x_wconf 78' lang='lat' dir='ltr'>Crotnm’</span> <span class='ocrx_word' id='word_1_260' title='bbox 322 3425 437 3505; x_wconf 85' lang='lat' dir='ltr'>diligit,</span> <span class='ocrx_word' id='word_1_261' title='bbox 462 3447 513 3487; x_wconf 92' lang='lat' dir='ltr'>me</span> <span class='ocrx_word' id='word_1_262' title='bbox 536 3429 632 3503; x_wconf 77' lang='lat' dir='ltr'>amavt,</span> <span class='ocrx_word' id='word_1_263' title='bbox 657 3426 783 3504; x_wconf 70' lang='lat' dir='ltr'>dignun,</span> <span class='ocrx_word' id='word_1_264' title='bbox 808 3425 946 3503; x_wconf 76' lang='lat' dir='ltr'>llobane,</span> <span class='ocrx_word' id='word_1_265' title='bbox 970 3447 1064 3506; x_wconf 88' lang='lat' dir='ltr'>quem</span> <span class='ocrx_word' id='word_1_266' title='bbox 1082 3424 1193 3488; x_wconf 87' lang='lat' dir='ltr'>Musae</span> <span class='ocrx_word' id='word_1_267' title='bbox 1208 3430 1284 3489; x_wconf 85' lang='lat' dir='ltr'>tuoe</span> 
     </span>
     <span class='ocr_line' id='line_1_34' title="bbox 155 3509 1038 3574; baseline -0.001 0"><span class='ocrx_word' id='word_1_268' title='bbox 155 3511 271 3574; x_wconf 89' lang='lat' dir='ltr'>tollant</span> <span class='ocrx_word' id='word_1_269' title='bbox 293 3511 331 3574; x_wconf 86' lang='lat' dir='ltr'>ad</span> <span class='ocrx_word' id='word_1_270' title='bbox 356 3516 451 3572; x_wconf 87' lang='lat' dir='ltr'>nstra.</span> <span class='ocrx_word' id='word_1_271' title='bbox 498 3509 581 3572; x_wconf 82' lang='lat' dir='ltr'>Vale.</span> <span class='ocrx_word' id='word_1_272' title='bbox 597 3511 611 3548; x_wconf 81' lang='lat'>‘¹</span> <span class='ocrx_word' id='word_1_273' title='bbox 656 3510 788 3574; x_wconf 80' lang='lat' dir='ltr'>Eidibus</span> <span class='ocrx_word' id='word_1_274' title='bbox 813 3511 935 3574; x_wconf 86' lang='lat' dir='ltr'>Martiis</span> <span class='ocrx_word' id='word_1_275' title='bbox 959 3510 1038 3573; x_wconf 65' lang='grc' dir='ltr'>ΧΨ.</span> 
     </span>
     <span class='ocr_line' id='line_1_35' title="bbox 311 3608 835 3663; baseline -0.002 -1"><span class='ocrx_word' id='word_1_276' title='bbox 311 3610 372 3663; x_wconf 79' lang='lat' dir='ltr'>Cod.</span> <span class='ocrx_word' id='word_1_277' title='bbox 391 3608 457 3661; x_wconf 85' lang='lat' dir='ltr'>Frel.</span> <span class='ocrx_word' id='word_1_278' title='bbox 476 3610 537 3662; x_wconf 75' lang='grc'><strong>451,</strong></span> <span class='ocrx_word' id='word_1_279' title='bbox 832 3630 835 3635; x_wconf 95' lang='grc'><strong><em>·</em></strong></span> 
     </span>
    </p>
   </div>
   <div class='ocr_carea' id='block_1_3' title="bbox 43 3777 1288 4528">
    <p class='ocr_par' dir='ltr' id='par_1_3' title="bbox 43 3777 1288 4528">
     <span class='ocr_line' id='line_1_36' title="bbox 43 3777 1286 3899; baseline 0.001 -67"><span class='ocrx_word' id='word_1_280' title='bbox 43 3821 52 3832; x_wconf 88' lang='grc'><strong>.</strong></span> <span class='ocrx_word' id='word_1_281' title='bbox 153 3849 206 3899; x_wconf 65' lang='lat' dir='ltr'>dv</span> <span class='ocrx_word' id='word_1_282' title='bbox 224 3795 295 3899; x_wconf 57' lang='lat' dir='ltr'>eqqno</span> <span class='ocrx_word' id='word_1_283' title='bbox 313 3779 376 3846; x_wconf 78' lang='lat' dir='ltr'>fehlt</span> <span class='ocrx_word' id='word_1_284' title='bbox 397 3780 437 3831; x_wconf 83' lang='lat' dir='ltr'>bei</span> <span class='ocrx_word' id='word_1_285' title='bbox 458 3779 530 3831; x_wconf 75' lang='lat' dir='ltr'>llus.</span> <span class='ocrx_word' id='word_1_286' title='bbox 594 3779 837 3832; x_wconf 79' lang='lat' dir='ltr'>bconsuetudinem</span> <span class='ocrx_word' id='word_1_287' title='bbox 857 3778 924 3830; x_wconf 87' lang='lat' dir='ltr'>inter</span> <span class='ocrx_word' id='word_1_288' title='bbox 942 3793 989 3831; x_wconf 87' lang='lat' dir='ltr'>nos</span> <span class='ocrx_word' id='word_1_289' title='bbox 1010 3777 1082 3829; x_wconf 73' lang='lat' dir='ltr'>raa.</span> <span class='ocrx_word' id='word_1_290' title='bbox 1148 3792 1217 3831; x_wconf 76' lang='lat' dir='ltr'>cmo</span> <span class='ocrx_word' id='word_1_291' title='bbox 1235 3795 1286 3834; x_wconf 88' lang='lat' dir='ltr'>me.</span> 
     </span>
     <span class='ocr_line' id='line_1_37' title="bbox 209 3865 310 3903; baseline -0.03 0"><span class='ocrx_word' id='word_1_292' title='bbox 209 3892 215 3903; x_wconf 88' lang='lat'><strong>.</strong></span> <span class='ocrx_word' id='word_1_293' title='bbox 254 3865 310 3900; x_wconf 71' lang='lat' dir='ltr'>erar.</span> 
     </span>
     <span class='ocr_line' id='line_1_38' title="bbox 224 3904 1285 3983; baseline -0.001 -14"><span class='ocrx_word' id='word_1_294' title='bbox 224 3919 232 3948; x_wconf 94' lang='lat'><strong>¹</strong></span> <span class='ocrx_word' id='word_1_295' title='bbox 251 3917 276 3969; x_wconf 85' lang='lat' dir='ltr'>S.</span> <span class='ocrx_word' id='word_1_296' title='bbox 296 3917 395 3969; x_wconf 76' lang='grc'><strong>2251.</strong></span> <span class='ocrx_word' id='word_1_297' title='bbox 416 3916 439 3968; x_wconf 87' lang='lat'>2.</span> <span class='ocrx_word' id='word_1_298' title='bbox 494 3915 564 3968; x_wconf 76' lang='lat' dir='ltr'>&#39;Bu</span> <span class='ocrx_word' id='word_1_299' title='bbox 583 3915 642 3967; x_wconf 74' lang='lat'>422.</span> <span class='ocrx_word' id='word_1_300' title='bbox 696 3915 843 3968; x_wconf 69' lang='lat' dir='ltr'>“Obscena</span> <span class='ocrx_word' id='word_1_301' title='bbox 861 3914 1048 3983; x_wconf 86' lang='lat' dir='ltr'>Bezeicbuung</span> <span class='ocrx_word' id='word_1_302' title='bbox 1060 3915 1107 3968; x_wconf 86' lang='lat' dir='ltr'>der</span> <span class='ocrx_word' id='word_1_303' title='bbox 1118 3904 1285 3983; x_wconf 48' lang='lat' dir='ltr'>Blestium</span> 
     </span>
     <span class='ocr_line' id='line_1_39' title="bbox 153 3982 1283 4052; baseline -0.003 -13"><span class='ocrx_word' id='word_1_304' title='bbox 153 3985 299 4052; x_wconf 82' lang='lat' dir='ltr'>Labyrintlr</span> <span class='ocrx_word' id='word_1_305' title='bbox 318 3984 368 4051; x_wconf 81' lang='lat' dir='ltr'>vgl.</span> <span class='ocrx_word' id='word_1_306' title='bbox 388 3983 413 4038; x_wconf 84' lang='lat' dir='ltr'>S.</span> <span class='ocrx_word' id='word_1_307' title='bbox 434 3986 484 4038; x_wconf 76' lang='lat'>355</span> <span class='ocrx_word' id='word_1_308' title='bbox 504 3989 533 4038; x_wconf 83' lang='grc' dir='ltr'>Α.</span> <span class='ocrx_word' id='word_1_309' title='bbox 553 3986 576 4038; x_wconf 86' lang='grc'>7.</span> <span class='ocrx_word' id='word_1_310' title='bbox 647 3983 702 4035; x_wconf 75' lang='lat'>⁴8.</span> <span class='ocrx_word' id='word_1_311' title='bbox 720 3983 771 4036; x_wconf 77' lang='grc'>525</span> <span class='ocrx_word' id='word_1_312' title='bbox 790 3986 820 4035; x_wconf 79' lang='lat' dir='ltr'>A.</span> <span class='ocrx_word' id='word_1_313' title='bbox 839 3985 862 4037; x_wconf 88' lang='grc'>5.</span> <span class='ocrx_word' id='word_1_314' title='bbox 933 3982 1090 4036; x_wconf 79' lang='lat' dir='ltr'>⁶Wilholrn</span> <span class='ocrx_word' id='word_1_315' title='bbox 1115 3984 1162 4036; x_wconf 84' lang='lat' dir='ltr'>der</span> <span class='ocrx_word' id='word_1_316' title='bbox 1185 3983 1283 4046; x_wconf 76' lang='lat' dir='ltr'>Altero,</span> 
     </span>
     <span class='ocr_line' id='line_1_40' title="bbox 153 4050 1283 4122; baseline -0.003 -15"><span class='ocrx_word' id='word_1_317' title='bbox 153 4056 201 4107; x_wconf 88' lang='lat' dir='ltr'>der</span> <span class='ocrx_word' id='word_1_318' title='bbox 226 4052 464 4122; x_wconf 81' lang='lat' dir='ltr'>geistcsschwacho</span> <span class='ocrx_word' id='word_1_319' title='bbox 492 4052 594 4104; x_wconf 89' lang='lat' dir='ltr'>Brudor</span> <span class='ocrx_word' id='word_1_320' title='bbox 619 4052 666 4103; x_wconf 87' lang='lat' dir='ltr'>des</span> <span class='ocrx_word' id='word_1_321' title='bbox 693 4051 857 4118; x_wconf 79' lang='lat' dir='ltr'>landgralen</span> <span class='ocrx_word' id='word_1_322' title='bbox 880 4050 1009 4103; x_wconf 88' lang='lat' dir='ltr'>Wilholm</span> <span class='ocrx_word' id='word_1_323' title='bbox 1026 4052 1073 4104; x_wconf 89' lang='lat' dir='ltr'>des</span> <span class='ocrx_word' id='word_1_324' title='bbox 1091 4051 1210 4104; x_wconf 78' lang='lat' dir='ltr'>Mittlom</span> <span class='ocrx_word' id='word_1_325' title='bbox 1232 4067 1283 4104; x_wconf 82' lang='lat' dir='ltr'>ron</span> 
     </span>
     <span class='ocr_line' id='line_1_41' title="bbox 154 4119 1287 4187; baseline -0.002 -12"><span class='ocrx_word' id='word_1_326' title='bbox 154 4122 264 4185; x_wconf 86' lang='lat' dir='ltr'>Hesseu,</span> <span class='ocrx_word' id='word_1_327' title='bbox 292 4138 312 4175; x_wconf 85' lang='lat' dir='ltr'>s.</span> <span class='ocrx_word' id='word_1_328' title='bbox 342 4122 409 4174; x_wconf 77' lang='lat'>1493</span> <span class='ocrx_word' id='word_1_329' title='bbox 436 4137 486 4173; x_wconf 87' lang='lat' dir='ltr'>von</span> <span class='ocrx_word' id='word_1_330' title='bbox 514 4122 560 4172; x_wconf 90' lang='lat' dir='ltr'>der</span> <span class='ocrx_word' id='word_1_331' title='bbox 586 4120 735 4187; x_wconf 84' lang='lat' dir='ltr'>Regieruug</span> <span class='ocrx_word' id='word_1_332' title='bbox 760 4136 794 4172; x_wconf 90' lang='lat' dir='ltr'>au</span> <span class='ocrx_word' id='word_1_333' title='bbox 826 4120 986 4183; x_wconf 85' lang='lat' dir='ltr'>eschlosseu,</span> <span class='ocrx_word' id='word_1_334' title='bbox 1014 4119 1080 4182; x_wconf 86' lang='lat'>†8.</span> <span class='ocrx_word' id='word_1_335' title='bbox 1107 4119 1180 4173; x_wconf 83' lang='lat' dir='ltr'>Febr.</span> <span class='ocrx_word' id='word_1_336' title='bbox 1212 4121 1287 4173; x_wconf 89' lang='grc'><strong>1515.</strong></span> 
     </span>
     <span class='ocr_line' id='line_1_42' title="bbox 153 4187 1286 4255; baseline -0.003 -11"><span class='ocrx_word' id='word_1_337' title='bbox 153 4189 418 4255; x_wconf 85' lang='lat' dir='ltr'>Winckclmann,</span> <span class='ocrx_word' id='word_1_338' title='bbox 437 4188 635 4254; x_wconf 83' lang='lat' dir='ltr'>Bosclrroibung</span> <span class='ocrx_word' id='word_1_339' title='bbox 653 4188 777 4245; x_wconf 83' lang='lat' dir='ltr'>Hessoas.</span> <span class='ocrx_word' id='word_1_340' title='bbox 822 4187 891 4240; x_wconf 86' lang='lat' dir='ltr'>assel</span> <span class='ocrx_word' id='word_1_341' title='bbox 910 4189 985 4242; x_wconf 81' lang='grc'><strong>1754.</strong></span> <span class='ocrx_word' id='word_1_342' title='bbox 1005 4188 1050 4243; x_wconf 81' lang='lat' dir='ltr'>Vl.</span> <span class='ocrx_word' id='word_1_343' title='bbox 1068 4189 1128 4242; x_wconf 73' lang='lat'>412.</span> <span class='ocrx_word' id='word_1_344' title='bbox 1182 4187 1286 4241; x_wconf 81' lang='lat' dir='ltr'>⁶v011-</span> 
     </span>
     <span class='ocr_line' id='line_1_43' title="bbox 154 4246 1286 4327; baseline -0.004 -15"><span class='ocrx_word' id='word_1_345' title='bbox 154 4260 257 4327; x_wconf 74' lang='lat' dir='ltr'>standig</span> <span class='ocrx_word' id='word_1_346' title='bbox 275 4259 313 4313; x_wconf 73' lang='lat' dir='ltr'>da</span> <span class='ocrx_word' id='word_1_347' title='bbox 331 4258 430 4322; x_wconf 67' lang='grc' dir='ltr'>κράμβη</span> <span class='ocrx_word' id='word_1_348' title='bbox 448 4256 568 4323; x_wconf 63' lang='grc' dir='ltr'>θάνατος,</span> <span class='ocrx_word' id='word_1_349' title='bbox 593 4257 692 4324; x_wconf 85' lang='lat' dir='ltr'>gricoh.</span> <span class='ocrx_word' id='word_1_350' title='bbox 715 4255 875 4323; x_wconf 81' lang='lat' dir='ltr'>Spriclrwort</span> <span class='ocrx_word' id='word_1_351' title='bbox 898 4272 948 4309; x_wconf 85' lang='lat' dir='ltr'>von</span> <span class='ocrx_word' id='word_1_352' title='bbox 972 4258 1044 4308; x_wconf 86' lang='lat' dir='ltr'>einer</span> <span class='ocrx_word' id='word_1_353' title='bbox 1062 4256 1102 4309; x_wconf 87' lang='lat' dir='ltr'>bis</span> <span class='ocrx_word' id='word_1_354' title='bbox 1121 4272 1182 4308; x_wconf 87' lang='lat' dir='ltr'>zum</span> <span class='ocrx_word' id='word_1_355' title='bbox 1200 4246 1286 4309; x_wconf 78' lang='lat' dir='ltr'>Uber·</span> 
     </span>
     <span class='ocr_line' id='line_1_44' title="bbox 154 4323 1287 4393; baseline -0.004 -12"><span class='ocrx_word' id='word_1_356' title='bbox 154 4328 231 4381; x_wconf 77' lang='lat' dir='ltr'>dnus</span> <span class='ocrx_word' id='word_1_357' title='bbox 249 4325 437 4380; x_wconf 84' lang='lat' dir='ltr'>wiederlrolton</span> <span class='ocrx_word' id='word_1_358' title='bbox 455 4324 548 4383; x_wconf 81' lang='lat' dir='ltr'>Socho.</span> <span class='ocrx_word' id='word_1_359' title='bbox 570 4340 619 4377; x_wconf 85' lang='lat' dir='ltr'>aus</span> <span class='ocrx_word' id='word_1_360' title='bbox 641 4325 692 4376; x_wconf 88' lang='lat' dir='ltr'>den</span> <span class='ocrx_word' id='word_1_361' title='bbox 718 4325 836 4393; x_wconf 83' lang='lat' dir='ltr'>Adagien</span> <span class='ocrx_word' id='word_1_362' title='bbox 854 4325 901 4377; x_wconf 88' lang='lat' dir='ltr'>dos</span> <span class='ocrx_word' id='word_1_363' title='bbox 918 4324 1051 4378; x_wconf 82' lang='lat' dir='ltr'>Erasmus.</span> <span class='ocrx_word' id='word_1_364' title='bbox 1088 4324 1164 4391; x_wconf 86' lang='lat' dir='ltr'>Spott</span> <span class='ocrx_word' id='word_1_365' title='bbox 1181 4323 1229 4377; x_wconf 85' lang='lat' dir='ltr'>aul</span> <span class='ocrx_word' id='word_1_366' title='bbox 1244 4323 1287 4376; x_wconf 90' lang='lat' dir='ltr'>die</span> 
     </span>
     <span class='ocr_line' id='line_1_45' title="bbox 153 4391 1287 4463; baseline -0.004 -14"><span class='ocrx_word' id='word_1_367' title='bbox 153 4397 222 4463; x_wconf 82' lang='lat' dir='ltr'>cwig</span> <span class='ocrx_word' id='word_1_368' title='bbox 239 4395 427 4449; x_wconf 86' lang='lat' dir='ltr'>wiederholten</span> <span class='ocrx_word' id='word_1_369' title='bbox 446 4394 661 4447; x_wconf 84' lang='lat' dir='ltr'>Gebotslormoln.</span> <span class='ocrx_word' id='word_1_370' title='bbox 717 4392 806 4447; x_wconf 70' lang='lat' dir='ltr'>&#39;Hor</span> <span class='ocrx_word' id='word_1_371' title='bbox 825 4392 872 4446; x_wconf 89' lang='lat' dir='ltr'>Od.</span> <span class='ocrx_word' id='word_1_372' title='bbox 892 4393 926 4458; x_wconf 82' lang='grc' dir='ltr'>ΙΙ,</span> <span class='ocrx_word' id='word_1_373' title='bbox 945 4392 987 4460; x_wconf 81' lang='grc'>20,</span> <span class='ocrx_word' id='word_1_374' title='bbox 1006 4391 1117 4446; x_wconf 82' lang='grc'><strong>21-24.</strong></span> <span class='ocrx_word' id='word_1_375' title='bbox 1170 4393 1181 4424; x_wconf 81' lang='lat'>⁸</span> <span class='ocrx_word' id='word_1_376' title='bbox 1198 4391 1224 4444; x_wconf 91' lang='lat' dir='ltr'>S.</span> <span class='ocrx_word' id='word_1_377' title='bbox 1235 4391 1287 4445; x_wconf 77' lang='lat'>503</span> 
     </span>
     <span class='ocr_line' id='line_1_46' title="bbox 153 4458 1288 4528; baseline -0.004 -10"><span class='ocrx_word' id='word_1_378' title='bbox 153 4469 185 4519; x_wconf 76' lang='lat' dir='ltr'>A.</span> <span class='ocrx_word' id='word_1_379' title='bbox 204 4467 228 4520; x_wconf 82' lang='grc'>6.</span> <span class='ocrx_word' id='word_1_380' title='bbox 298 4464 353 4518; x_wconf 75' lang='lat'>⁹8.</span> <span class='ocrx_word' id='word_1_381' title='bbox 380 4464 414 4516; x_wconf 73' lang='lat'>70</span> <span class='ocrx_word' id='word_1_382' title='bbox 436 4465 466 4515; x_wconf 81' lang='grc' dir='ltr'>Α.</span> <span class='ocrx_word' id='word_1_383' title='bbox 487 4464 509 4516; x_wconf 90' lang='lat' dir='ltr'>l.</span> <span class='ocrx_word' id='word_1_384' title='bbox 547 4463 603 4514; x_wconf 85' lang='lat' dir='ltr'>Von</span> <span class='ocrx_word' id='word_1_385' title='bbox 631 4463 677 4514; x_wconf 88' lang='lat' dir='ltr'>dm·</span> <span class='ocrx_word' id='word_1_386' title='bbox 706 4461 893 4514; x_wconf 83' lang='lat' dir='ltr'>Auwesenhoit</span> <span class='ocrx_word' id='word_1_387' title='bbox 920 4461 967 4514; x_wconf 89' lang='lat' dir='ltr'>des</span> <span class='ocrx_word' id='word_1_388' title='bbox 994 4461 1088 4513; x_wconf 84' lang='lat' dir='ltr'>Cretas</span> <span class='ocrx_word' id='word_1_389' title='bbox 1114 4459 1151 4511; x_wconf 91' lang='lat' dir='ltr'>im</span> <span class='ocrx_word' id='word_1_390' title='bbox 1181 4458 1288 4528; x_wconf 83' lang='lat' dir='ltr'>Gesolge</span> 
     </span>
    </p>
   </div>
   <div class='ocr_carea' id='block_1_4' title="bbox 155 4527 1293 4669">
    <p class='ocr_par' dir='ltr' id='par_1_4' title="bbox 155 4527 1293 4669">
     <span class='ocr_line' id='line_1_47' title="bbox 155 4527 1293 4588; baseline -0.009 -1"><span class='ocrx_word' id='word_1_391' title='bbox 155 4533 317 4588; x_wconf 83' lang='lat' dir='ltr'>Hartmonns</span> <span class='ocrx_word' id='word_1_392' title='bbox 344 4532 426 4584; x_wconf 87' lang='lat' dir='ltr'>findet</span> <span class='ocrx_word' id='word_1_393' title='bbox 452 4530 510 4583; x_wconf 84' lang='lat' dir='ltr'>sich</span> <span class='ocrx_word' id='word_1_394' title='bbox 539 4531 615 4583; x_wconf 85' lang='lat' dir='ltr'>lreine</span> <span class='ocrx_word' id='word_1_395' title='bbox 645 4530 812 4582; x_wconf 77' lang='lat' dir='ltr'>Audeutun.</span> <span class='ocrx_word' id='word_1_396' title='bbox 849 4530 950 4582; x_wconf 65' lang='lat' dir='ltr'>Ger-ede</span> <span class='ocrx_word' id='word_1_397' title='bbox 977 4529 1019 4581; x_wconf 90' lang='lat' dir='ltr'>die</span> <span class='ocrx_word' id='word_1_398' title='bbox 1047 4544 1098 4580; x_wconf 88' lang='lat' dir='ltr'>von</span> <span class='ocrx_word' id='word_1_399' title='bbox 1124 4527 1231 4581; x_wconf 70' lang='lat' dir='ltr'>Mutina</span> <span class='ocrx_word' id='word_1_400' title='bbox 1247 4542 1293 4578; x_wconf 77' lang='lat' dir='ltr'>sr-</span> 
     </span>
     <span class='ocr_line' id='line_1_48' title="bbox 158 4546 1280 4669; baseline -0.013 -15"><span class='ocrx_word' id='word_1_401' title='bbox 158 4604 281 4656; x_wconf 77' lang='lat' dir='ltr'>wbbnten</span> <span class='ocrx_word' id='word_1_402' title='bbox 298 4600 385 4652; x_wconf 86' lang='lat' dir='ltr'>Brielo</span> <span class='ocrx_word' id='word_1_403' title='bbox 404 4598 542 4651; x_wconf 86' lang='lat' dir='ltr'>desselben</span> <span class='ocrx_word' id='word_1_404' title='bbox 561 4598 615 4669; x_wconf 70' lang='grc' dir='ltr'><strong>(ΒΓ.</strong></span> <span class='ocrx_word' id='word_1_405' title='bbox 634 4599 697 4668; x_wconf 78' lang='grc'>476)</span> <span class='ocrx_word' id='word_1_406' title='bbox 715 4546 848 4668; x_wconf 72' lang='lat' dir='ltr'>spiselien</span> <span class='ocrx_word' id='word_1_407' title='bbox 862 4598 907 4651; x_wconf 68' lang='lat' dir='ltr'>rus</span> <span class='ocrx_word' id='word_1_408' title='bbox 924 4597 1003 4651; x_wconf 68' lang='lat' dir='ltr'>servre</span> <span class='ocrx_word' id='word_1_409' title='bbox 1023 4593 1229 4648; x_wconf 45' lang='lat' dir='ltr'>abscessuum&amp;</span> <span class='ocrx_word' id='word_1_410' title='bbox 1243 4589 1280 4639; x_wconf 47' lang='grc'><strong>5</strong></span> 
     </span>
    </p>
   </div>
   <div class='ocr_carea' id='block_1_5' title="bbox 0 0 1409 4966">
    <p class='ocr_par' dir='ltr' id='par_1_5' title="bbox 0 0 1409 4966">
     <span class='ocr_line' id='line_1_49' title="bbox 0 0 1409 4966; baseline 0 0"><span class='ocrx_word' id='word_1_411' title='bbox 0 0 1409 4966; x_wconf 95' lang='lat' dir='ltr'> </span> 
     </span>
    </p>
   </div>
  </div>
 </body>
</html>
