2774 4966
178 647 241 734 386
590 639 680 719 itriola
696 660 744 718 dea
761 640 785 719 J'.
805 648 879 720 1519.

179 861 243 904 nou
278 860 347 903 ease
379 837 610 901 Romanensem
643 839 700 901 aut
730 836 905 901 timendum
938 837 1175 920 sycophantam.
1220 824 1297 906 'lam

176 926 259 990 enim
286 923 449 1000 coenobio,
472 945 512 987 no
533 921 573 985 lis
595 921 702 985 lutura
730 921 848 985 vobis·
876 929 997 999 noceat,
1019 925 1168 988 timemus
1200 947 1296 1009 quam

176 1012 262 1076 huno
283 1009 502 1073 Findisensem
526 1007 696 1089 diligimuu
742 1006 825 1071 Vale.

328 1110 389 1165 Coc.
407 1109 473 1164 hot.
495 1108 551 1161 122.

176 1298 291 1370 (cotun.)
699 1278 770 1344 314.
916 1295 989 1366 (unz
1008 1313 1055 1351 vor
1073 1299 1112 1353 15.
1132 1297 1190 1354 ort
1209 1300 1295 1371 1513.)

547 1405 691 1475 Mation
714 1425 763 1475 an
785 1404 925 1476 Urhan.

175 1535 371 1603 (hlutacbuldipt
392 1534 458 1595 alah,
476 1534 540 1588 duaa
557 1552 586 1587 er
599 1535 665 1602 jetxt
682 1534 756 1586 nieht
773 1551 808 1585 ou
826 1534 956 1587 Rcuchh'n
977 1534 1097 1598 aelereiba
1115 1536 1151 1588 do
1167 1536 1223 1599 dua,
1241 1555 1297 1591 moa

174 1621 203 1656 er
218 1603 267 1671 fiir
283 1603 333 1656 iun
349 1603 526 1667 antaradum,
545 1603 612 1656 noch
631 1602 860 1737 willielmi&
900 1604 993 1656 Orotan
1009 1604 1066 1656 aad
1083 1604 1201 1657 Herbord
1215 1606 1296 1659 tollen

498 1786 540 1837 Η.
557 1785 685 1837 Urbano
703 1798 758 1836 auo
777 1785 832 1852 (Μ.
849 1784 971 1852 Rufus).

281 1895 312 1960 S.
368 1895 486 1960 Hilaris
522 1895 676 1960 Hilarium
714 1896 842 1978 acccpi.'
904 1896 1024 1976 Cetera,
1061 1919 1131 1960 cum
1169 1896 1298 1960 redierit

132 2014 135 2019 ⁴
177 1979 380 2063 Campegus.²
426 1982 474 2045 Ad
498 1980 692 2065 Capnionem
715 1983 785 2046 ideo
809 1982 888 2045 nihil
903 1984 935 2045 in
952 1984 1129 2066 praesentia
1149 1983 1296 2059 scribam,

174 2068 259 2150 quod
292 2068 432 2132 nondum
466 2068 648 2149 expeditum
679 2069 731 2141 sit,
760 2068 844 2150 quod
867 2088 962 2132 conor
983 2074 1017 2133 et
1038 2069 1090 2134 ille
1112 2066 1295 2133 desiderat.³

173 2152 310 2237 Impedit
342 2155 437 2218 etiam
472 2155 639 2219 vindemia.
685 2152 732 2217 Tu
755 2153 874 2218 scribas
903 2159 959 2218 tuo
992 2176 1086 2228 more,
1121 2162 1183 2237 quo
1217 2155 1296 2218 nihil

175 2238 353 2304 absolutius
378 2239 618 2322 perfectiusque.
663 2239 737 2302 Vale
760 2246 792 2303 et
815 2240 854 2303 da
877 2241 999 2303 veniam
1023 2239 1101 2303 nihil
1131 2241 1293 2305 scribenti.

175 2324 302 2389 Scribat
333 2323 447 2389 Crotus
470 2330 501 2393 et
523 2323 748 2389 herebardus!
793 2325 851 2388 Hic
883 2327 933 2389 sui
965 2326 1097 2389 ordinis⁸
1130 2348 1294 2389 assensum

176 2416 209 2474 et
231 2411 370 2475 officium
395 2412 603 2493 repromittat,
627 2412 687 2475 iste
710 2432 783 2474 vero
805 2411 993 2475 Hartmanni
1021 2411 1166 2476 domini.⁶
1211 2411 1293 2475 Vale.

326 2510 386 2565 Cod.
404 2511 470 2566 Prot.
490 2509 545 2565 126.

173 2697 268 2755 anua.
696 2684 767 2749 315.
1058 2702 1097 2755 15.
1118 2700 1176 2755 on.
1196 2698 1294 2770 (1513).

527 2809 655 2881 Urhan
676 2830 724 2881 an
747 2810 940 2880 Reuchlin.

162 2916 370 3007 'malacho-llam
388 2938 510 2991 litamus
530 2940 677 3009 Schwetpen
694 2939 745 2993 mu
761 2940 849 2993 maen
867 2940 958 2993 Arbeit
975 2941 1005 2991 ¹in
1023 2940 1069 2991 der
1091 2939 1217 2992 Weinlcee
1239 2941 1297 2992 und

172 3007 270 3073 beluae
292 3008 334 3061 ἀπ’(
364 3007 576 3076 ttsurdalosipleie
592 3008 942 3143 dubeligssagllgrmgmhpur,
966 3009 1028 3062 duaa
1050 3009 1090 3061 sic
1111 3010 1159 3061 den
1177 3008 1295 3061 Ko'hmn

192 3189 308 3240 Joanni
325 3190 481 3241 Bouchlin
495 3190 717 3250 jurisconsulto
736 3195 767 3242 et
784 3191 928 3253 theologo
946 3203 1074 3250 summo,
1091 3192 1190 3241 nostri
1207 3203 1274 3241 aaa·

243 3275 307 3325 cult
325 3278 505 3327 ornamento
523 3278 702 3338 praecipuo,
725 3278 921 3338 praeceptori
939 3289 994 3327 auo
1012 3276 1052 3327 E
1070 3276 1226 3327 Urbanus.

276 3387 343 3450 Pax
374 3392 489 3467 tecum,
523 3392 613 3471 paler
646 3390 853 3453 sanctissime.
899 3387 1061 3452 Mutianus
1095 3393 1200 3451 noster
1232 3388 1294 3450 nisi

175 3473 350 3537 laborasset
381 3475 412 3536 in
445 3474 613 3543 vindemia.
650 3475 788 3539 dedisset
821 3474 961 3539 Statario
996 3474 1154 3537 baculario
1186 3474 1295 3538 literas

175 3580 231 3642 pro
254 3582 311 3622 sua
334 3560 365 3623 in
390 3565 421 3622 le
443 3560 570 3642 pietate.
617 3560 754 3625 Daturus
777 3567 825 3625 est.
847 3561 934 3624 brevi
956 3559 1063 3624 oblato
1081 3560 1142 3623 alio
1159 3580 1294 3637 cursore,

175 3646 225 3709 oui
248 3649 318 3709 tuto
343 3645 458 3708 credat.
504 3645 540 3709 Si
562 3647 626 3709 ulla
649 3656 731 3710 esset
753 3648 893 3728 gravitas
916 3648 947 3709 in
972 3646 1170 3727 theologi-itis
1200 3644 1294 3728 hujus

176 3731 302 3796 scholae
325 3736 381 3794 aut
403 3733 431 3794 si
453 3733 567 3795 scirent
591 3734 803 3813 ignorantiam
835 3756 934 3810 suam,
967 3755 1028 3796 noo
1060 3731 1295 3795 subscriberent

176 3817 423 3881 Aruohardiatis.
469 3818 535 3881 Nos
559 3817 778 3901 Capnohatae²
812 3841 921 3882 sumus
949 3824 980 3882 et
1009 3824 1082 3881 tuae
1116 3818 1293 3900 dignitatis,

241 3968 255 3996 θ
269 3952 344 4006 nobis
363 3951 437 4004 Tana.

244 4026 252 4055 ¹
270 4021 363 4074 An1'2.
382 4021 448 4074 Nov.
468 4021 596 4074 bcrichtet
613 4038 648 4080 cr,
667 4022 713 4075 (lau
731 4022 806 4075 Buch
824 4021 923 4091 gosallc.
960 4021 1002 4074 llr.
1023 4023 1079 4075 317.
1138 4020 1230 4072 ²qu
1250 4022 1298 4073 aul

173 4091 216 4143 die
234 4090 403 4144 lhanklurtar
419 4089 505 4144 Messe
523 4091 626 4158 ganniat.
655 4090 711 4158 Vgl.
730 4090 773 4145 Br.
792 4092 850 4144 297.
886 4091 942 4143 llou
957 4091 1014 4143 don
1025 4091 1163 4159 geknulten
1178 4088 1296 4141 Hilarius¹

173 4160 246 4213 hatte
265 4176 293 4211 cr
309 4159 523 4228 vorausgosandt.
583 4159 850 4226 ⁸Kampseuu1to,
869 4159 919 4213 un.
939 4159 989 4212 Eri.
1009 4160 1029 4212 l.
1049 4161 1097 4212 199
1116 4158 1219 4211 bezicht
1237 4159 1296 4211 dias

175 4230 234 4282 »auf
250 4228 340 4297 irgend
359 4228 401 4280 ein
419 4244 521 4297 posses
538 4228 745 4284 Uolernchmen.
757 4229 810 4281 -das
827 4246 856 4280 er
872 4230 914 4280 fiir
932 4227 1059 4280 Reuohlin
1080 4226 1296 4294 heabsicht.igto«;

173 4297 297 4366 richtiger
324 4297 393 4350 wohl
420 4298 547 4366 licigur,
573 4296 682 4350 Rcuchl.
701 4296 726 4350 S.
745 4297 796 4350 280
813 4301 843 4351 Α.
863 4300 879 4348 2
896 4297 942 4349 aul
958 4299 1008 4349 ‹lcn
1032 4313 1113 4365 gagen
1137 4295 1227 4349 Urhan
1251 4312 1294 4348 aru

173 4365 213 4418 22.
231 4370 273 4419 Au
293 4409 297 4420 .
319 4367 386 4419 1513
404 4370 570 4435 geutrssorten
589 4366 709 4418 quosch
727 4366 877 4434 BouchlinS.
891 4365 1007 4418 dersclbc
1026 4367 1129 4418 urlichlc
1140 4366 1186 4417 dus
1195 4364 1296 4417 kaiser·

172 4434 242 4489 liche
290 4435 369 4489 audat
387 4435 413 4487 in
431 4436 519 4488 Erhrrt
537 4435 668 4488 offentlich
688 4435 845 4529 arrschlagen
871 4435 965 4487 loeson.
1036 4432 1185 4486 ⁴(losehah
1212 4432 1294 4486 nicht.

173 4504 265 4558 crona
287 4503 390 4558 schrioh
408 4507 462 4557 erat
480 4520 522 4557 am
541 4503 581 4558 29.
600 4503 659 4556 Jan.
679 4506 752 4559 1514.
787 4505 847 4574 lgl.
866 4504 993 4571 Golgoi,
1012 4502 1041 4556 R.
1067 4503 1171 4556 Briolw.
1189 4500 1214 4555 S.
1234 4501 1295 4555 211.

172 4573 253 4626 ‘Der
265 4572 351 4641 jurist.
370 4571 498 4640 Fumat,
516 4572 558 4625 dic
570 4572 644 4625 nieht
654 4573 703 4625 mit
714 4573 764 4625 <lon
779 4572 924 4641 Theologeu
959 4572 1164 4637 eetinnuthattc.
1211 4571 1223 4602 ⁶
1241 4570 1297 4623 Dee

172 4641 254 4764 stippa
272 4657 323 4763 cloio
341 4640 431 4697 Fulda.
486 4640 629 4694 'Matiana
646 4642 783 4695 ausdruck
800 4642 826 4694 in
845 4642 888 4709 Br.
959 4682 964 4693 .
1000 4631 1072 4695 Uber
1092 4638 1296 4694 Arnabardiatae

161 4726 182 4762 a.
212 4727 263 4780 og.
306 4727 327 4766 r.
