2774 4966
133 579 197 642 466
548 577 633 630 uetere
651 578 698 631 des
716 579 741 631 J.
762 579 836 632 1514.

134 763 250 831 (Galba.)
660 749 733 812 392
1082 762 1162 832 (Aug
1182 764 1270 831 1514)

511 857 655 927 ltlutiau
679 877 726 926 an
751 857 892 925 Ecban.

135 956 218 1033 (lber
235 968 285 1018 deu
311 966 372 1017 l'erc
389 967 435 1018 der
454 967 601 1020 Heroiden:
623 967 701 1020 Hense
716 984 784 1035 puer
801 971 845 1018 etr.
861 966 917 1017 uad
935 965 1010 1017 Versa
1023 966 1065 1017 uls
1078 965 1271 1033 Idmtbdenuay

194 1036 281 1087 dieser
299 1035 547 1100 ,lufmmlsunrler't
586 1038 727 1089 Frorumm·
752 1035 866 1087 lt'uuectr
883 1035 931 1100 sr'r'r
948 1034 1055 1086 Esbous
1072 1034 1212 1101 Zrdaeufi.)

500 1142 664 1192 Mucianus
681 1140 810 1190 Eobano
829 1152 895 1189 suo.

238 1241 308 1304 Non
335 1242 495 1306 imminuit
518 1248 605 1307 tuam
631 1243 766 1311 laudem,
792 1242 931 1318 bobane,
965 1242 1048 1321 quod
1079 1241 1269 1305 versiculum

139 1329 296 1411 quendam
321 1350 424 1389 meum
450 1330 562 1393 inseris
588 1330 771 1392 l'osteritati
795 1328 892 1403 tuae¹
924 1329 987 1389 imo
1018 1330 1115 1407 auget
1146 1328 1269 1408 opinor.

133 1415 183 1477 lta
207 1415 290 1475 euim
315 1414 393 1474 scite
417 1415 562 1490 includis,
588 1421 624 1477 ut
648 1415 781 1477 multum
807 1412 885 1476 lucis
908 1420 1006 1491 atque
1030 1412 1114 1474 haud
1138 1414 1206 1477 scio
1228 1435 1267 1476 an

136 1500 305 1580 plurimum
330 1497 451 1561 decoris
474 1500 596 1564 atterat.
643 1499 734 1563 Certe
758 1500 854 1563 anulo
876 1519 1002 1579 gemma
1025 1498 1177 1561 accessit:

252 1581 392 1665 „Sponte
415 1607 473 1647 sua
496 1587 628 1648 influxit
652 1585 800 1648 brevibus
824 1584 902 1647 mibi
924 1582 1016 1645 Musa
1040 1583 1152 1646 diebus

301 1675 333 1731 et
357 1668 433 1732 mibi
454 1669 518 1750 jam
544 1692 641 1753 puero
666 1693 728 1735 non
754 1671 821 1732 leve
844 1691 959 1732 noman
984 1675 1061 1743 erat,

251 1761 373 1817 utnon
398 1757 587 1838 praecipuus
611 1755 773 1819 dubitaret
796 1756 932 1818 scribere
956 1760 1060 1816 rates:

301 1840 398 1902 Hesse
422 1863 507 1921 puer,
532 1843 614 1905 sacri
636 1841 737 1921 gloria
760 1840 858 1903 tontis
881 1837 988 1903 eris.“²

238 1926 284 1988 nx
324 1924 383 1988 bac
421 1934 478 1989 tua
516 1927 737 1990 benevolentia
775 1931 899 1989 tantam
945 1925 1013 2006 cepi
1061 1924 1271 2005 voluptutem,

134 2016 288 2094 quantam
319 2032 359 2073 ex
392 2033 465 2074 vera
498 2013 599 2092 gloria
634 2034 744 2092 capere
778 2011 882 2074 debui.
928 2010 1040 2091 ltaque
1074 2010 1121 2073 sio
1154 2016 1186 2073 te
1222 2031 1271 2073 re·

135 2117 353 2161 munmamum

261 2182 336 2245 Vere
359 2188 416 2244 tuo
440 2182 524 2244 laeta
547 2182 693 2263 fulgebas
716 2182 832 2256 indole,
856 2182 961 2243 cultus

311 2267 432 2346 ingenii
456 2269 543 2330 vario
566 2270 642 2331 flore
666 2267 791 2331 nitebat
813 2288 897 2346 ageq

259 2354 377 2415 diceret
401 2357 436 2414 ut
460 2357 548 2416 vates
571 2354 654 2416 inter
679 2358 778 2434 quota
802 2351 904 2433 portio
928 2349 1044 2413 llutos:

312 2437 430 2516 „Hesse
455 2458 539 2518 puer,
563 2441 645 2502 sacri
668 2439 769 2519 gloria
791 2438 890 2500 tontis
914 2435 1003 2498 eris.“

260 2523 378 2586 Addita
403 2544 486 2585 nunc
510 2524 627 2587 tidibus
649 2524 719 2586 laus
742 2529 790 2586 est
814 2531 845 2585 et
868 2526 960 2584 tanta
983 2521 1120 2597 canoris,

310 2612 347 2670 ut
371 2614 425 2671 tua
450 2609 617 2690 contingat
640 2609 732 2672 Musa
755 2630 878 2672 novena
903 2606 1018 2687 polum⁴

260 2692 423 2775 Exemplis
447 2693 557 2757 fulcire
581 2697 664 2775 piam
689 2718 737 2757 res
760 2695 881 2775 optima
905 2694 1016 2772 legem,

312 2779 408 2859 digna
431 2780 571 2860 quidem,
595 2780 724 2861 grandis
747 2781 798 2842 cui
821 2779 981 2841 tribuatur
1005 2777 1116 2839 bonos,

259 2863 293 2925 Si
319 2862 499 2946 Capitolina
524 2865 641 2946 legeret
666 2865 728 2928 Leo
752 2886 878 2928 carmen
902 2865 934 2925 in
958 2883 1038 2937 arce,

314 2971 409 3012 aurea
433 2971 487 3031 pro
512 2953 650 3014 numeris
673 2952 812 3032 praemia
836 2950 901 3013 scio
925 2948 1024 3010 daret.

265 3034 384 3097 Sancta
407 3035 540 3117 puellari
563 3038 716 3118 gauderet
739 3037 826 3099 curia
849 3031 967 3111 coetu,⁸

313 3121 965 3185 sfflmmammumffimmmbmm

263 3203 471 3269 Teutonicum
496 3207 579 3271 Latii
604 3215 710 3288 patres
734 3205 903 3285 (mirabile)
928 3210 1030 3268 vatem

313 3292 456 3354 versibus
480 3298 630 3356 ornarent
652 3299 763 3373 terque
786 3297 960 3373 quaterque
984 3291 1060 3352 suia.

260 3374 349 3438 Tunc
373 3382 448 3440 taus
472 3379 534 3440 imo
559 3401 647 3441 meus
670 3378 813 3458 Petrejus
838 3378 941 3440 incola
964 3376 1083 3439 Rornae

311 3469 505 3526 monstraret
529 3466 624 3526 sociis
647 3464 738 3526 Helia
762 3463 859 3525 dona*
885 3463 1000 3544 probis,

261 3546 385 3609 Interea
408 3550 557 3628 quoniam
579 3549 671 3629 jurat
695 3549 771 3611 baec
796 3570 945 3630 expressa
969 3547 1128 3627 voluptas,

314 3634 401 3696 vitali
425 3656 520 3697 succo
544 3637 693 3697 carminis
716 3637 783 3716 ipse
806 3635 903 3696 fruar.

239 3717 402 3782 Hactenus
427 3721 464 3783 de
489 3742 558 3781 vere
585 3727 616 3783 et
639 3726 761 3783 aestate
784 3728 850 3782 tna.
897 3720 1058 3799 Superest,
1081 3720 1118 3778 ut
1140 3721 1272 3778 antum-

135 3824 195 3865 nus
219 3809 250 3865 et
274 3804 345 3869 dein
378 3804 479 3869 hiems
513 3807 629 3869 aetatis
664 3806 796 3868 feliciter
819 3813 849 3868 et
873 3805 953 3868 beno
987 3803 1147 3865 succedat.
1195 3801 1273 3864 Vale

138 3887 310 3968 singularis
334 3897 365 3952 et
387 3891 522 3955 amande

629 3975 774 4039 Poura.

289 4057 350 4109 Cod.
369 4057 436 4111 Frct.
456 4058 513 4111 386.

134 4175 178 4228 Br.
199 4177 257 4230 330.
294 4177 329 4229 Er
347 4177 424 4230 sollte
442 4177 498 4229 sich
519 4177 586 4229 uueb
605 4176 648 4228 Br.
663 4174 713 4229 304
723 4176 769 4228 der
780 4175 918 4228 Iautbabn
928 4175 1000 4226 eines
1010 4173 1134 4227 Notarius
1147 4172 1272 4230 uidmen.

135 4262 160 4300 u.
181 4244 216 4298 bl.
237 4245 357 4297 budionto
377 4247 434 4298 sich
454 4247 540 4298 seiner
558 4245 596 4298 als
616 4245 779 4298 l'rokurator.
810 4245 853 4298 Br.
872 4245 930 4295 lor.
987 4245 995 4274 ¹
1013 4242 1135 4294 Ecbanus
1154 4240 1272 4293 Posteri·

133 4314 189 4375 rati,
216 4315 258 4365 dic
277 4314 355 4366 letale
377 4316 423 4366 der
443 4317 509 4367 loll
536 4314 722 4365 erscbioneneu
752 4313 890 4366 Heroideu.
927 4312 1016 4363 Eobau
1044 4311 1116 4363 lratto
1143 4310 1169 4361 in
1198 4309 1272 4362 disse

136 4382 247 4434 lleroido
266 4382 306 4433 bei
330 4384 504 4449 beliilderung
522 4384 608 4434 seinos
628 4382 853 4448 ltildungsgauges
872 4380 1008 4448 gesclriclt.
1026 4381 1075 4431 don
1096 4379 1163 4430 l'ers
1181 4378 1272 4446 cingo·

135 4450 211 4505 uebt.
231 4452 279 4502 den
300 4452 368 4502 eiust
386 4452 486 4503 llutiun
511 4454 574 4504 labo
592 4467 624 4502 an
645 4450 688 4501 ibn
709 4451 849 4516 periebat:
878 4449 971 4500 :llesso
996 4464 1068 4514 puer,
1094 4447 1163 4498 sacri
1188 4445 1273 4512 gloria

135 4519 214 4569 brutis
243 4521 314 4572 eries
352 4520 409 4585 l'gl.
435 4522 460 4573 S.
485 4522 518 4572 tis*
546 4525 574 4571 A.
604 4522 627 4580 2,
649 4522 669 4571 l.
742 4519 892 4570 ²lloluuns
920 4517 1068 4569 l'osterituti
1098 4515 1129 4568 V.
1157 4514 1271 4568 tbi—58.

134 4592 249 4653 tlperunr
264 4589 356 4655 tarrag.
377 4589 442 4643 Frct'.
456 4592 519 4640 ls'it'el
535 4607 558 4655 p.
576 4589 632 4640 252.
678 4590 687 4618 ²¹
704 4587 835 4640 l‘uelluris
849 4596 946 4650 metus,
957 4586 999 4637 dic
1010 4585 1149 4637 Heroiden.
1193 4587 1204 4614 ⁴
1222 4582 1272 4634 Ilie
