2774 4966
694 110 708 145 ,,

126 611 169 676 58
514 607 601 662 Briclc
618 624 667 662 von
688 608 867 664 1505-1508.

128 781 253 844 unculis
276 783 427 863 experiar,
452 785 488 843 ut
512 780 579 861 ipse
608 781 776 863 proficiam.
824 781 932 845 Dicam
960 781 1056 845 etiam
1086 803 1171 844 nuuc
1199 780 1261 844 ali-

128 868 202 950 quid
228 868 265 929 de
288 867 408 931 Boetio.
455 866 525 929 Non
550 868 749 948 praelegatur
771 868 968 945 semidoctis;
991 869 1262 931 aconsummatis

126 954 325 1038 philosophis
348 954 401 1016 vix
418 953 616 1033 intelligitur.
655 953 726 1036 lpsa
742 954 878 1019 elocutio
895 954 1028 1036 poeticis
1043 955 1173 1036 tropicis
1189 976 1260 1016 ma-

128 1041 250 1104 culatur
274 1047 305 1103 et
327 1040 449 1103 aridum
473 1041 655 1120 siccumque
688 1040 765 1104 facit
798 1041 956 1104 lectorem.
1001 1039 1125 1121 Perlegi
1158 1040 1262 1104 libros

127 1127 199 1190 illos
233 1127 397 1209 quinque.¹
444 1126 479 1187 ln
514 1147 549 1188 eo
580 1148 660 1202 sum,
695 1133 731 1190 ut
765 1127 886 1191 credam
922 1131 979 1190 aut
1011 1126 1156 1189 Boetium
1191 1148 1260 1190 non

128 1214 292 1296 scripsisse
322 1220 376 1275 aut
402 1219 582 1293 corruptum
618 1234 686 1275 osse
719 1214 875 1276 volumen.
922 1212 1148 1276 Commentarii
1183 1233 1261 1277 vero

127 1322 190 1363 nou
213 1300 305 1363 modo
329 1299 401 1362 falsi
424 1308 499 1361 srmt
523 1306 554 1361 et
577 1298 687 1381 inepti,
711 1300 935 1363 verumetiam
969 1299 1103 1380 indigni,
1134 1300 1189 1381 qui
1212 1299 1261 1362 le-

129 1390 255 1467 gantur.
301 1385 408 1449 Dicam
442 1407 539 1448 unum
574 1385 657 1466 quod
692 1386 858 1449 ridiculum
895 1400 953 1460 est,
989 1390 1025 1448 ut
1060 1390 1095 1448 tu
1129 1407 1260 1468 quoque

129 1495 250 1536 mecum
275 1473 385 1535 rideas.
434 1470 527 1535 Libro
551 1473 645 1534 lertio
670 1493 762 1553 prosa
783 1479 896 1536 octava
920 1475 1150 1535 commentator
1167 1472 1262 1554 ponit

127 1560 204 1623 liaeo
228 1558 335 1621 verba:
364 1556 473 1636 ,Nota
498 1558 582 1638 quod
608 1557 786 1620 Alcibiades
810 1557 921 1621 mulier
937 1558 998 1621 luit
1013 1557 1260 1640 pulcherrima“,

127 1652 160 1708 et
182 1646 272 1708 addit
295 1646 356 1708 alia
380 1665 442 1706 nou
468 1645 571 1706 minus
594 1642 683 1706 falsa.
730 1643 918 1707 OThomal
963 1643 1033 1707 Non
1057 1644 1119 1708 luit
1143 1644 1260 1708 mulier

126 1731 317 1804 Alcibiades
362 1730 415 1791 sed
455 1733 598 1812 princeps
645 1728 882 1794 Atheniensium
931 1731 1124 1794 notissimus.
1184 1729 1257 1795 Nou

128 1818 214 1899 legit,
238 1818 327 1881 crede
350 1816 437 1891 mibi,
464 1815 677 1890 Plutarchum,
696 1818 862 1880 Aemilium
879 1830 893 1858 ⁸
916 1814 1069 1880 Probum²
1087 1825 1117 1880 et
1136 1824 1261 1881 ceteros

126 1906 304 1986 scriptores
340 1904 396 1984 qui
431 1904 526 1965 vitum
562 1902 736 1966 Alcibiadis
764 1904 795 1966 in
819 1905 927 1967 literas
962 1903 1146 1967 retulerunt.
1193 1903 1260 1968 Sed

127 1993 249 2074 Pauper
272 1988 453 2056 Hauricus'
476 1988 702 2052 Garufredusb‘
734 1999 764 2052 et
795 1990 974 2053 consimiles
1010 1990 1167 2072 margines
1200 1991 1262 2054 im·

129 2078 224 2160 pleut.
271 2078 402 2159 Ignosco
425 2076 611 2158 loquacitati
636 2080 762 2139 nostrae
785 2082 818 2139 et
840 2098 941 2159 parce.
988 2075 1095 2139 Helias
1108 2076 1261 2157 jejunans

126 2167 158 2229 in
183 2165 302 2228 coelum
328 2162 456 2226 volavit.
501 2162 570 2224 Nou
596 2184 704 2225 sumus
736 2162 875 2240 Daedali,
904 2183 965 2226 nou
996 2163 1083 2226 lcari.
1130 2163 1261 2226 Pennas

128 2252 243 2315 desunt
266 2250 333 2313 alis.
380 2249 563 2311 Vehiculum
586 2249 663 2311 rotis
679 2255 775 2311 caret.
821 2249 907 2312 Adeo
924 2271 1025 2311 vanus
1043 2255 1075 2311 et
1091 2249 1261 2330 impudens

127 2346 185 2414 est,
210 2338 354 2419 quisquis
380 2337 410 2398 iu
436 2335 534 2399 altum
560 2336 627 2398 sine
643 2335 796 2415 gradibus
819 2335 982 2399 doctrinae
1007 2336 1128 2400 nititur.
1174 2336 1262 2413 Vale,

126 2427 168 2488 mi
192 2423 464 2506 praestantissime
494 2421 628 2485 Urbane.
675 2421 741 2485 Hoc
772 2445 907 2495 oramus,
936 2428 971 2485 ut
1002 2423 1115 2504 impias
1149 2423 1263 2488 literas

128 2533 307 2592 concerpas,
333 2509 413 2571 adde
438 2509 531 2571 etiam
557 2531 664 2591 parum
690 2509 839 2571 eruditas.
885 2509 1034 2572 „locamur
1056 2511 1139 2572 enim
1164 2511 1263 2592 paulo

126 2599 256 2662 liberius
280 2605 312 2658 et
336 2616 487 2669 veremur,
512 2617 550 2656 ue
573 2595 745 2676 aliquando
765 2595 923 2658 tabellarii
941 2596 1048 2658 literas
1065 2597 1127 2659 alio
1144 2596 1260 2675 l'eraut,

128 2685 212 2767 quod
236 2688 319 2746 esset
342 2681 548 2744 formidabile.
597 2682 686 2763 Apud
703 2686 735 2744 te
752 2682 859 2745 nullus
876 2691 925 2745 cst
940 2683 1017 2745 milri
1036 2688 1148 2760 metus,
1166 2683 1261 2747 dum·

128 2773 220 2835 morlo
243 2769 336 2833 nobis
359 2766 574 2848 concerpeudo
599 2770 806 2851 prospexeris.

288 2869 349 2925 cod.
368 2868 434 2923 Frcl.
454 2870 494 2922 73.

128 3053 243 3122 (Gotha.)
662 3034 713 3099 53.
1083 3050 1140 3104 lau.
1161 3052 1261 3120 (1506).

478 3162 622 3232 Mutian
647 3183 695 3232 an
718 3161 900 3249 Spalatin.

128 3295 175 3361 (M.
194 3300 318 3348 errrdrml
339 3293 395 3345 sicli
415 3311 452 3345 aa
468 3293 517 3346 den
540 3292 663 3345 Br'r'clrem
685 3312 736 3345 uus
760 3294 805 3345 cler
828 3293 1074 3355 Kloslcrdrbliollrclss,
1098 3293 1180 3346 clunlrt
1205 3293 1263 3346 und

558 3362 627 3430 picdt
645 3362 828 3430 Iosefrr'r'clue.)

403 3476 539 3527 Colendo
558 3489 613 3527 suo
633 3477 795 3535 spalatino
813 3476 985 3527 M.Ruu1s.

232 3588 263 3652 S.
311 3589 343 3650 lu
362 3590 462 3652 tantis
477 3589 551 3651 lani
568 3588 738 3670 frigoribus
756 3589 980 3671 propemodum
997 3587 1132 3669 obrigui.
1179 3588 1259 3652 Nam

130 3677 292 3738 studiosus
307 3674 401 3739 bomo
419 3677 489 3758 plus
505 3677 604 3738 sentit
625 3677 780 3738 immanes
804 3676 942 3755 pruinas,
968 3676 1055 3738 etsi⁰
1079 3683 1207 3738 maneat.
1227 3676 1260 3739 in

131 3762 216 3826 [licta
239 3762 399 3825 calefacta.
446 3761 508 3824 Sed
532 3763 677 3843 quamvis
700 3761 853 3824 hodierno
873 3762 1031 3824 matutino
1048 3762 1178 3842 grandis
1194 3770 1264 3825 erat

129 3852 212 3930 rigor
240 3855 271 3911 et
301 3856 415 3912 ventus
450 3848 675 3929 frigidissimus
703 3855 735 3911 et
762 3849 829 3930 ipse
864 3847 956 3930 quasi
988 3847 1060 3928 gelu
1094 3854 1263 3913 concretus

198 4053 211 4080 a
224 4037 366 4105 Erupliuru.
438 4041 451 4077 ¹1
466 4036 621 4088 (lamfredus
640 4035 798 4101 (datr-edus).
869 4041 924 4085 cot
941 4035 970 4087 si.

202 4110 208 4138 ¹
230 4108 267 4160 lle
287 4108 461 4159 reorrsolatiouo
481 4105 670 4173 philosophiae.
707 4104 753 4156 Ed.
767 4121 804 4171 pr.
818 4104 918 4157 Nurnb.
935 4105 1010 4166 1413,
1029 4103 1078 4154 mit
1096 4105 1266 4159 t‘ouuueutar

133 4179 179 4228 des
205 4177 317 4229 Thomas
346 4193 397 4228 rou
426 4176 539 4242 Aquino.
567 4174 647 4226 dalrcr
676 4174 710 4224 im
737 4173 797 4241 lolg.
824 4174 866 4225 dio
895 4172 1072 4240 Apostrophe:
1093 4189 1120 4225 o
1137 4173 1266 4227 Thomas

133 4246 231 4298 llutiau
252 4247 297 4297 bat
315 4246 390 4297 ciueu
410 4247 508 4296 anderu
527 4248 694 4297 llomrucurar
713 4259 759 4293 ror
777 4243 841 4304 sicli.
860 4240 1076 4294 uubrschcinliclr
1097 4241 1154 4294 ciue
1172 4242 1266 4297 Hand·

134 4316 225 4367 sclrril't
255 4316 302 4366 mit
330 4315 459 4367 senatun.
490 4313 538 4363 wic
563 4315 620 4363 ciue
642 4311 731 4364 sule-he
756 4313 822 4362 nub
843 4314 868 4362 in
888 4312 973 4362 {iotha
998 4310 1102 4377 (Pcipcr
1119 4311 1193 4380 XII).

168 4388 178 4416 ²
198 4384 279 4437 [Tubu
298 4386 390 4436 dussou
411 4384 511 4436 Namru
524 4380 821 4447 durl'urrroliuchpas.
839 4382 878 4433 orl.
901 4397 936 4447 pr.
958 4379 1021 4433 l'ou.
1044 4381 1116 4435 1471,
1134 4382 1265 4437 erscbieu.

135 4454 291 4506 ersauuucn
312 4454 358 4505 urit
378 4452 501 4505 l’lutarclr
520 4456 580 4516 Arg.
605 4453 676 4503 lsrlltt.
726 4452 736 4477 ²¹
752 4450 883 4501 chrirus
902 4450 1006 4516 Pauper
1024 4449 1266 4517 (Septiruellensis).

138 4523 279 4591 l'lrilosoplr
299 4525 349 4574 und
369 4523 478 4575 lliclrrcr
495 4537 576 4588 gagen
595 4520 668 4572 Eudo
686 4519 732 4570 des
753 4520 790 4573 12.
810 4520 884 4572 dtuli.
941 4520 949 4548 ⁴
968 4518 1091 4570 siaul'ricd
1109 4519 1172 4571 oder
1189 4520 1267 4573 ‹rort-

133 4593 199 4644 lried
220 4610 269 4644 rou
287 4597 412 4651 Auxerrc,
431 4591 617 4643 Cisteruieuscr
634 4604 716 4657 gegou
729 4588 803 4640 Eudo
823 4589 869 4640 des
890 4588 928 4641 1⁶2.
947 4587 1032 4653 .lbrlr.,
1045 4587 1269 4644 Verlassorcinor

131 4661 283 4733 philosoph.
300 4661 397 4715 Schrilt
415 4661 447 4714 de
466 4661 616 4727 contemptu
634 4657 733 4711 muudi.
