2774 4966
455 604 464 621 ·
526 596 528 603 '
561 609 666 665 iruiran
685 625 720 663 an
739 606 839 665 urum.
1196 609 1257 677 391

140 833 255 901 (Gotba)
661 815 732 882 320.
996 832 1065 900 (Aul.
1083 832 1151 886 Nor.
1172 830 1257 900 1513.)

508 941 653 1012 blutian
674 962 722 1013 an
744 940 883 1012 Urbuu.

139 1072 306 1139 (Erzdlrlunp
323 1072 367 1124 des
390 1059 538 1126 (llorronrus
555 1071 693 1124 urrunnu
710 1089 760 1124 ron
776 1073 822 1124 der
844 1071 1027 1139 ll'rltenberper
1050 1070 1175 1122 Hoclrrer't
1201 1071 1258 1123 rand

139 1142 228 1193 desseu
253 1140 410 1193 Ausucum
434 1140 488 1207 urrf
504 1141 546 1192 die
569 1139 711 1208 Nurlrfolpe
728 1140 760 1193 iu
776 1142 822 1192 der
838 1141 916 1193 rlbler'
939 1157 987 1192 ron
1011 1139 1255 1193 Roirrlrardsbrunn.

138 1210 220 1263 Burei
239 1227 284 1263 erm
303 1209 455 1277 Berulrlrurp
472 1210 515 1262 deu
533 1208 737 1262 Ii'uldrirrrr'usrs
754 1210 811 1261 arrad
827 1209 969 1277 lterlrnrmp
986 1209 1033 1276 fiir
1048 1209 1097 1261 dor
1122 1207 1256 1261 Hilarius

573 1278 816 1347 Biirlrcruustrr'ipe.)

170 1392 484 1453 circumspectissimo
503 1405 668 1443 oeconomo
686 1394 834 1455 magistro
851 1394 892 1444 Η.
910 1366 1038 1443 Urbano
1056 1403 1121 1451 suo,
1138 1391 1223 1452 patri

517 1480 687 1530 reverendo
705 1481 749 1530 Μ.
766 1479 877 1531 Rufus.

238 1588 339 1653 Salus.
385 1588 519 1653 Narrare
541 1590 601 1653 tibi
623 1590 725 1672 gestio
757 1612 820 1653 non
853 1590 947 1654 modo
978 1589 1163 1664 necessaria,
1200 1587 1254 1652 sed

136 1676 229 1739 etiarn
265 1675 369 1739 aliena
401 1680 432 1739 et
466 1676 638 1759 popularia.
697 1677 810 1740 Audivi
843 1698 882 1739 ex
918 1696 1090 1738 oeconomo
1122 1695 1256 1755 magnae

135 1762 295 1844 potentiae
333 1761 505 1825 Frideriuo¹
545 1767 645 1825 totam
687 1762 827 1826 fabulam
872 1762 1024 1844 nuptialis
1056 1757 1253 1843 spectaculi.²

138 1847 316 1928 „Fuimus“,
340 1848 453 1929 inquit,
480 1870 561 1929 „uno
585 1850 616 1911 in
641 1848 787 1930 hospitio,
804 1846 978 1912 Duronius⁸
995 1853 1028 1910 et
1043 1868 1109 1928 ego.
1144 1846 1255 1929 Spala·
1354 1876 1378 1890 ›

135 1935 222 1996 tinus
245 1935 382 1997 dedisset
404 1932 529 1997 abituro
553 1934 630 1998 mibi
653 1935 828 2016 epistolam,
858 1935 913 1997 sed
936 1933 995 1996 sub
1017 1933 1100 1997 idern
1130 1938 1254 2014 tempus

135 2020 334 2083 sacrificavit.
374 2019 615 2098 degenhardus*
639 2020 768 2083 mirifice
792 2025 822 2082 le
845 2020 983 2083 salutat.“
1002 2025 1034 2082 et
1049 2024 1160 2082 uetera.
1194 2018 1254 2083 Hie

135 2111 234 2187 pater,
259 2107 319 2170 nisi
342 2127 391 2168 me
414 2105 504 2169 fallat
526 2108 655 2188 opinio„
669 2108 817 2170 suecedet
839 2106 941 2170 abbae
964 2127 1021 2169 suo
1048 2105 1113 2187 jara
1143 2125 1253 2185 aegro-

135 2193 228 2264 tanti,
252 2193 396 2275 quamvis
420 2197 529 2256 coetus
552 2192 797 2256 Bursleldensis⁸
821 2194 901 2255 serio
918 2196 949 2255 et
965 2213 1070 2255 severe
1094 2191 1254 2274 praeliciat

134 2279 304 2341 antistites¹
361 2276 423 2341 Sed
457 2282 601 2360 penetrat
640 2280 771 2360 pecunia
805 2283 838 2341 et
870 2279 1039 2342 efficaciter
1076 2277 1252 2360 persuadet.

132 2363 194 2441 Bru
219 2361 415 2442 rutbtrputius‘*
438 2367 526 2425 nullst
549 2368 609 2426 tulo
633 2371 683 2426 rub
707 2366 775 2442 ulid)
799 2366 860 2439 oud]
882 2366 924 2424 tit
948 2368 1003 2424 trtr
1025 2383 1075 2424 oon
1090 2366 1162 2424 biert
1181 2382 1253 2434 uun

133 2451 253 2520 terretur
275 2455 327 2511 bun
349 2451 392 2509 uir
412 2452 478 2520 urit
501 2454 592 2525 bunut
615 2453 663 2511 urit
685 2450 737 2523 eidi
762 2470 810 2528 tun
833 2469 897 2528 porr
920 2452 980 2530 nul·
1003 2468 1177 2511 atterumuuo
1200 2454 1251 2510 orb

135 2538 326 2596 tontumotion.
371 2535 466 2598 Item:
501 2542 571 2596 eluet
606 2556 638 2597 un
674 2534 842 2599 Hilarium⁷
876 2540 935 2599 ete.
981 2534 1060 2598 Nolo
1092 2536 1185 2611 enim,
1217 2538 1253 2598 ut

134 2624 190 2683 tua
212 2620 365 2684 benevola
387 2622 562 2703 paternitas
586 2622 869 2685 circumscribatur.
916 2622 961 2683 De
983 2621 1072 2684 libris
1094 2621 1251 2684 excellen-

133 2706 221 2769 tibus
253 2708 469 2788 perquirendis
493 2730 617 2771 assume
641 2709 672 2771 in
695 2709 848 2771 auxilium
879 2704 1010 2772 Sobalbi
1040 2704 1154 2770 nostri⁸
1182 2707 1252 2770 dili-

134 2794 285 2874 gentiam.
330 2793 426 2857 Novit
459 2793 511 2857 ille
545 2795 739 2858 verecundus
768 2794 893 2877 juvenis
921 2797 953 2857 et
981 2792 1252 2856 commendatione

134 2878 303 2960 probitatis
327 2880 515 2962 diligendus,
539 2882 610 2963 quis
632 2881 764 2944 idoneos
792 2879 952 2962 possideat
981 2882 1135 2942 auctores.
1180 2877 1250 2941 Non

133 2967 214 3028 euim
249 2965 368 3028 latinus
391 2970 440 3029 est
461 2969 597 3041 tantum,
625 2967 679 3030 sod
706 2968 800 3029 etiam
829 2965 1073 3048 semigraeculus
1096 2970 1128 3028 et
1150 2963 1251 3028 studi·

132 3073 220 3115 orum
254 3053 501 3115 amantissimus.
558 3051 724 3128 Quaeratis
756 3052 869 3115 amabo
903 3052 1060 3134 Epistulas
1095 3050 1251 3115 Ambrosii
1293 3048 1297 3054 ’

134 3137 289 3208 monachi,
313 3138 450 3220 ejusdem
485 3158 628 3218 graecam
652 3136 925 3202 Grammatieam.⁹
968 3138 1046 3202 Item
1081 3136 1251 3219 Egnatium

133 3225 164 3286 in
192 3224 339 3302 Plinium,
375 3225 652 3306 Opportunitatem
688 3222 873 3306 Equiculi,¹⁰
907 3223 1089 3295 Soliuum,¹'
1123 3224 1161 3286 de
1188 3244 1250 3304 quo

133 3310 274 3391 l’etrejus
297 3310 448 3374 scribit.'²
493 3308 627 3374 Multum
652 3311 743 3374 nobis
765 3311 911 3391 prodesse
935 3317 967 3374 et
987 3310 1125 3375 inimicis
1141 3330 1251 3372 nocere

134 3398 258 3476 poterit.
314 3397 429 3459 Vellem
465 3400 500 3458 ut
539 3395 697 3460 Sohalbus
734 3397 828 3460 etiam
865 3396 984 3459 Romae
1021 3400 1137 3477 ageret,
1176 3395 1252 3476 quia

132 3484 235 3561 graeei
273 3483 416 3546 doctores
450 3482 489 3544 ad
525 3482 660 3545 Leonem
695 3482 732 3544 X.
767 3481 945 3545 convolant.
1001 3482 1054 3545 Sie
1087 3481 1251 3563 proliceret

132 3569 249 3632 sodalis
284 3575 368 3644 tune,
402 3570 465 3631 imo
500 3573 615 3631 noster.
660 3567 740 3631 Nam
775 3566 851 3631 boni
883 3568 1005 3631 codices
1039 3590 1107 3631 sero
1130 3566 1168 3631 ad
1193 3588 1250 3630 nos

132 3655 312 3718 deveniunt.
359 3655 433 3717 Vale
456 3659 487 3716 et
509 3654 603 3717 salve.

284 3755 344 3809 Cod.
365 3754 429 3809 Frol.
450 3753 506 3809 129.

204 3952 379 4014 ¹Okononrus
399 3978 448 4013 rou
469 3960 704 4013 lleiuhardsluunu.
741 3959 766 4012 S.
786 3960 833 4013 201
853 3960 878 4012 ll.
951 3958 1088 4011 ²ll’esseu
1115 3955 1249 4017 lloolrzeit.

131 4030 251 4082 erlahruu
270 4031 317 4081 wir
336 4030 416 4082 nir-ht..
470 4030 552 4081 ³Der
570 4029 628 4081 Aut.
656 4031 681 4081 S.
702 4028 750 4080 108
770 4032 799 4082 A.
821 4029 841 4079 1.
896 4027 1067 4095 ‘Plellingou
1097 4026 1122 4079 S.
1141 4028 1158 4077 4
1174 4028 1205 4077 A.
1225 4024 1248 4078 2.

131 4099 207 4151 ³llie
228 4115 276 4151 rou
298 4099 432 4150 llurslelde
451 4099 616 4165 urrsgelreudo
634 4097 794 4149 rulornrierte
813 4094 1185 4164 Benedilrliuerrongregation,
1203 4093 1250 4146 der

130 4168 198 4219 aueh
217 4167 448 4219 lleinhnrrlsluuun
468 4167 614 4234 augehiirto.
684 4165 772 4234 ⁰l'gl.
786 4165 811 4217 S.
824 4165 874 4218 390
887 4168 916 4218 A.
927 4166 951 4219 8.
1022 4161 1249 4240 'sl-*eraneohlugt

130 4238 179 4288 don
198 4237 270 4289 l'reis
289 4237 334 4287 des
353 4235 492 4287 Hilarius«
520 4235 769 4302 versuumn.
840 4234 1027 4287 wulfred.
1097 4222 1248 4284 rssboruru

132 4305 214 4357 ltrielo
233 4306 279 4357 des
299 4305 386 4357 Andri:
408 4322 430 4356 r.
444 4304 589 4356 Cauralduli
615 4303 665 4368 rgl.
684 4302 976 4370 .liiehor·Adeluug
994 4302 1015 4366 1,
1034 4302 1091 4355 707.
1126 4298 1247 4353 Ilumaoh

131 4391 215 4427 waren
234 4374 271 4425 sie
291 4376 347 4426 Ant.
367 4375 391 4425 d.
406 4375 442 4425 lli.
464 4375 489 4426 S.
508 4373 575 4424 nouh
594 4372 666 4425 nieht
684 4371 818 4439 godruokt,
837 4371 965 4424 rielrnoln·
984 4388 1038 4424 nur
1056 4370 1114 4422 niue
1132 4369 1247 4422 Heraua·

129 4444 195 4510 gabe
213 4443 297 4495 durch
316 4442 381 4494 Paul
401 4440 534 4493 dustiuiun
551 4457 600 4493 nur
619 4441 799 4508 bealrsichtigt.
836 4439 892 4493 Von
906 4440 977 4492 einer
988 4440 1086 4507 grieub.
1105 4438 1246 4492 llrammat

130 4512 266 4565 desselben
294 4511 329 4564 ist
355 4511 442 4563 niehts
471 4510 589 4563 bekannt.
633 4509 668 4563 M.
697 4509 825 4562 borichtet
850 4526 899 4561 nur
925 4524 972 4561 aus
1000 4508 1059 4561 dorn
1086 4507 1172 4560 Brielo
1201 4506 1247 4559 des

130 4580 255 4648 Petrojus.
291 4579 350 4648 Vgl.
369 4579 394 4633 S.
415 4579 465 4631 244
482 4582 513 4631 A.
533 4580 555 4632 l.
627 4580 647 4610 ¹⁰
664 4578 722 4648 vgl.
745 4578 773 4631 S.
791 4578 843 4632 390
859 4580 890 4631 A.
909 4578 934 4631 6.
952 4578 975 4630 7.
1049 4578 1068 4609 ¹¹
1085 4574 1247 4645 Epitomator

130 4652 176 4703 des
192 4648 308 4702 Plinius:
326 4647 481 4717 Polyhistor.
503 4647 568 4700 Ven.
588 4647 662 4701 1473.
733 4648 753 4680 ¹⁸
769 4646 795 4701 S.
815 4646 865 4700 379
883 4649 913 4699 A.
936 4647 958 4699 l.
