2774 4966
379 21 1307 301 Ε-

134 601 198 668 206
520 605 607 660 Briefc
625 622 676 661 von
696 607 874 663 1509-1511.

140 778 250 842 Evasit
266 776 352 839 exilii
370 775 532 839 molestias
547 780 580 839 et
595 776 748 857 quicquid
763 778 962 844 formidabile
977 781 1101 848 civibus
1111 784 1271 851 imminet

137 864 200 929 Sed
225 863 300 945 quia
334 861 442 923 subito
477 861 621 937 decessit,
656 862 744 925 nullo
778 864 929 928 ecclesiae
963 867 1079 931 viatico
1112 871 1270 951 munitus,

140 951 320 1014 sacerdotes
344 948 502 1026 legatione
526 946 670 1010 frustrati
695 948 929 1013 calumniantur
946 958 978 1014 et
993 960 1140 1018 mussant
1158 957 1270 1022 nescio

139 1036 226 1117 quid.
250 1035 342 1115 quasi
356 1045 369 1072 ⁸
393 1053 465 1093 vero
489 1031 578 1094 nefas
602 1033 644 1094 sit
668 1033 755 1109 mori,
785 1034 847 1097 nisi
869 1036 924 1099 des
946 1036 1029 1100 clero
1059 1043 1269 1120 quaestuaria

136 1121 185 1184 vel
227 1119 393 1201 pecuniam
430 1117 477 1178 vel
512 1117 650 1198 praedia.
703 1118 752 1199 lta
786 1120 890 1200 coepit
922 1143 991 1184 esse
1024 1124 1098 1186 cleri
1130 1126 1270 1191 avaritia

137 1205 299 1269 notabilis.
345 1203 429 1277 Fuit,
463 1208 501 1264 ut
535 1202 565 1263 in
597 1201 714 1264 fabulis
747 1202 891 1284 legimus,
925 1207 980 1288 qui
1015 1208 1168 1273 blandum
1204 1212 1268 1276 sibi

136 1290 284 1355 catellum
308 1287 436 1370 publico
460 1289 640 1350 coemiterio
664 1287 802 1352 inferret.
841 1288 1018 1374 Episcopus
1040 1294 1172 1359 multam
1199 1297 1268 1359 viro

135 1377 226 1439 dixit.
273 1375 315 1436 At
337 1374 383 1435 uti
407 1373 529 1452 legasse
545 1373 607 1434 sibi
624 1394 731 1435 canem
757 1373 781 1435 L
805 1375 864 1436 ill
888 1377 1054 1456 intellexit,
1078 1381 1263 1462 „quiescat“

135 1461 241 1544 inquit
273 1461 324 1541 „in
352 1459 457 1538 pace.“
506 1456 540 1520 Si
564 1479 643 1519 uxor
676 1458 818 1522 defuncti
853 1461 987 1541 lingeret
1021 1463 1159 1545 legatum
1194 1489 1268 1531 esse

134 1546 256 1628 aliquid
278 1545 405 1617 nostris,
430 1564 492 1606 non
517 1542 749 1617 cavillarentnn
774 1551 807 1607 et
821 1552 900 1626 puto
916 1548 963 1610 ita
979 1548 1144 1614 iacturam.
1184 1551 1266 1633 ligo,

133 1633 175 1695 mi
208 1630 342 1704 Urbane,
378 1633 527 1692 converto
562 1628 705 1690 nonnihil
734 1630 772 1691 de
803 1630 917 1695 Latino
953 1635 984 1696 in
1020 1633 1265 1701 Terrtonismurn

135 1717 255 1799 ingenii
279 1715 445 1778 exercendi
469 1734 573 1776 causa.
619 1712 735 1775 Errant
757 1715 877 1779 indocti
900 1719 1029 1782 verbum
1054 1742 1071 1782 e
1096 1722 1192 1784 verbo
1209 1745 1267 1787 ex-

134 1805 315 1886 primentes.
372 1800 441 1862 Non
481 1804 586 1879 potest
621 1798 651 1861 id
686 1820 749 1862 non
788 1823 857 1863 esse
894 1804 1059 1869 insulsum.
1116 1807 1267 1891 Exempli

133 1889 252 1971 gratia:
288 1886 385 1948 Actor
417 1891 570 1965 sequatur
603 1884 704 1947 forum
734 1885 793 1963 rei,
824 1887 952 1952 dicunt:
975 1896 1022 1951 nrt
1042 1894 1197 1970 rasprrttrcr
1221 1899 1266 1954 sal

131 1977 224 2054 inlato
246 1979 303 2031 len
328 1972 424 2031 nerlu
446 1977 492 2028 tre
516 1971 670 2043 lectantem
693 1978 846 2050 tanquam
863 1971 966 2036 forum
983 1975 1144 2057 significet
1158 1978 1266 2041 solum

133 2078 182 2135 tarr
205 2058 289 2117 nard
313 2061 345 2118 et
367 2076 430 2118 non
463 2054 557 2117 etiam
593 2054 733 2117 tribunal
765 2077 820 2119 seu
851 2061 1084 2123 consistorium.
1131 2061 1266 2126 Trottus

133 2143 252 2205 noster¹
291 2141 366 2203 olim
390 2141 471 2203 dixit
495 2139 534 2202 ad
560 2138 849 2221 Engelniannurn:²
876 2143 974 2222 „Date
1008 2145 1100 2209 nobis
1128 2145 1166 2209 de
1190 2148 1263 2212 oleo

134 2227 266 2291 vestro.“
294 2226 464 2288 Pecuniam
489 2224 672 2306 postulavit.
697 2247 774 2288 rasus
798 2228 1013 2293 ecclesiastica
1037 2232 1260 2313 perplexitate.

132 2312 278 2376 Nummio
301 2311 424 2393 egebat,
448 2332 511 2374 non
532 2309 610 2373 oleo,
656 2312 743 2386 Quae
759 2315 889 2377 vesania
911 2321 960 2379 est
982 2337 1045 2380 non
1063 2319 1109 2380 uti
1127 2320 1265 2401 propriis

130 2395 329 2462 vocabulisl³
373 2396 457 2459 Vale.

286 2496 347 2549 Cod.
365 2495 432 2550 Fron
450 2495 492 2548 88.

130 2683 246 2753 (corna.)
661 2668 731 2733 158.
1009 2685 1049 2738 aa.
1068 2687 1131 2740 Juni
1150 2688 1262 2759 (mna)

356 2796 500 2864 lintion
523 2815 571 2864 an
596 2794 724 2864 Urban
746 2795 824 2864 und
846 2795 1031 2866 Herbord.

241 2925 378 2992 (iipnlolin
395 2925 441 2977 leat
459 2925 508 2977 dos
527 2923 698 2991 alltcndurpcr
715 2923 870 2978 Karmrrilot
886 2924 959 2978 nicht
976 2925 1144 2991 dclnrrnacn.)

197 3041 359 3101 Magistris
376 3039 550 3100 insignibus
567 3039 666 3090 Henr.
681 3039 810 3090 Urbano
829 3044 861 3090 et
877 3039 1061 3090 Herebordo
1075 3041 1262 3102 Margarita,

278 3125 421 3176 doctrina
438 3128 470 3174 et
488 3124 637 3185 religione
654 3126 890 3184 praestantibus
908 3121 962 3191 (Μ.
980 3122 1103 3192 Rufus).

234 3234 266 3300 S.
312 3236 403 3312 Quod
436 3235 526 3298 vobis
559 3236 690 3299 insuave
722 3235 834 3300 auditu
858 3243 889 3298 et
914 3258 982 3300 esse
1011 3242 1043 3299 et
1072 3237 1139 3300 iore
1173 3243 1259 3302 cerlo

130 3322 212 3386 scio:
247 3323 450 3385 contionatur
486 3321 669 3403 paedagogo
708 3322 868 3403 praelatus
901 3328 950 3385 est
980 3327 1013 3385 et
1046 3321 1259 3405 Altcnburgio

195 3538 209 3566 α
223 3539 311 3592 quara.
341 3522 431 3576 Tenc-5
450 3523 533 3590 quasi.
638 3526 748 3574 bunum
767 3522 894 3575 florenum
915 3521 989 3574 Tenc.

130 3592 267 3645 Hersbach
295 3592 330 3644 ist
354 3592 396 3643 ein
416 3593 544 3677 jungerer·
571 3590 749 3655 l'oin'andter,
776 3590 922 3658 gleichfalls
948 3606 1001 3643 ron
1026 3589 1194 3642 Falkcnstein
1219 3590 1258 3643 als

127 3661 221 3714 iunior
239 3666 316 3713 untcr
333 3661 383 3712 den
402 3660 569 3712 lorbannten
589 3660 745 3727 aufgcliilut.
817 3662 825 3690 ¹
844 3659 922 3712 Sonat
947 3658 1105 3711 turbelannt.
1177 3659 1259 3711 ¹Iler

128 3729 245 3782 Erluiter
262 3729 484 3781 Kiichcumcistcr·
501 3728 628 3781 Nikolaou
646 3728 816 3796 Engclnranm
835 3744 861 3779 rn
880 3727 931 3779 don
949 3731 1053 3794 spiitern
1070 3725 1176 3778 Brielon
1192 3728 1259 3780 iiiior

127 3798 167 3850 als
194 3798 297 3851 l'rcund
325 3797 448 3849 orrvahnr.
485 3800 526 3849 rln
549 3798 596 3848 der·
618 3796 669 3848 Eri.
698 3797 776 3849 Univ.
801 3795 941 3847 inrnratrilt.
969 3796 1035 3848 1504
1060 3793 1170 3847 llerbst:
1189 3795 1258 3847 »Dns

128 3866 255 3919 Nicoluus
286 3866 447 3932 Enuehnann
477 3867 509 3917 dc
536 3866 705 3918 Nouendorll'
732 3880 800 3933 mag.
827 3865 938 3932 coquina
966 3863 1038 3916 curie
1064 3863 1256 3930 archiepiscopi

128 3933 294 4001 Marrucinii«
322 3934 569 4001 (Weissenborn,
588 3934 673 3985 Alton
692 3935 716 3985 d.
735 3933 815 3986 1111.
834 3932 868 3993 11,
887 3933 956 4000 237).
984 3932 1086 3985 Mutian
1103 3931 1196 3983 riilinrt
1210 3931 1256 3984 ihn

129 4003 170 4057 lir.
189 4004 241 4055 lit)
259 4004 305 4055 dos
323 4005 384 4056 t'od.
404 4002 442 4054 als
461 4002 658 4054 lterrchlinistcn
677 4003 729 4054 und
748 4008 829 4053 ncnnt
846 4001 891 4052 iliu
905 4001 981 4053 cinon
994 3998 1256 4067 unuorglcichlichcn

127 4070 215 4136 Manu,
240 4072 338 4124 souohl
358 4071 528 4123 liinsiclrtliclr
548 4071 634 4123 scitica
653 4071 759 4122 lricdern
777 4069 934 4122 Charakters
952 4069 991 4122 als
1009 4069 1094 4120 scincr
1122 4068 1256 4121 Umsicht.

127 4141 201 4192 nucu
228 4141 275 4192 nrit
300 4142 348 4192 dcu
372 4140 490 4191 lirini-ter·
515 4139 613 4191 Poctcn
641 4139 772 4191 crsclrcint
791 4154 819 4190 cr·
837 4139 861 4188 in
881 4136 1084 4190 uertraulichcm
1112 4136 1255 4190 Verloluu.

126 4208 259 4264 Kranae.
278 4209 307 4260 Ε.
327 4209 402 4260 licen.
422 4208 442 4263 l,
462 4210 519 4261 2111.
555 4208 641 4258 ll'crur
670 4206 770 4258 llutian
798 4207 824 4257 in
852 4206 895 4258 lla.
925 4206 976 4258 11111
1002 4206 1049 4257 des
1075 4205 1136 4259 t'od.
1165 4206 1254 4258 sciueu

128 4276 232 4329 llrudcr
250 4278 471 4329 liiiclrcnrncistcr·
488 4277 527 4329 ale
544 4276 603 4328 Joh.
623 4275 795 4342 Engclnranni
807 4281 956 4326 antecessor
968 4274 1128 4332 tinacia-linet,
1142 4290 1173 4325 so
1183 4290 1256 4326 musa

129 4346 215 4397 dieser·
232 4347 291 4398 lon.
311 4347 338 4398 F..
358 4347 491 4397 ‹ann-aler·
508 4346 550 4395 cin
570 4345 686 4397 anderen.
705 4350 773 4395 ctera
791 4344 837 4395 der·
855 4341 1255 4411 110111ὲί1111·(113111111111111.

125 4416 188 4466 oder
206 4434 234 4465 os
253 4416 286 4467 ist
305 4415 363 4466 Nic.
385 4413 553 4479 lhrpclrnanui
574 4430 606 4464 zu
624 4413 703 4463 leuen.
740 4412 815 4464 Naclr
845 4412 968 4480 Tlrririrrg.
996 4426 1071 4462 sucin
1089 4427 1113 4476 p.
1132 4411 1184 4462 2111
1203 4426 1256 4463 war

125 4482 209 4535 Nieol.
229 4484 390 4550 Eugclrnann
411 4482 529 4548 arrglciclr
550 4482 671 4533 l'icanua
689 4480 778 4533 altaris
796 4481 822 4530 in
841 4480 939 4546 templo
955 4478 1096 4547 parochiali
1105 4478 1255 4532 Fridericll·

126 4553 181 4604 rud.
255 4556 265 4583 ³⁸
283 4552 398 4604 Matiana
424 4550 624 4617 Batrioi-lungun
643 4550 701 4600 sind
719 4550 838 4601 trollcnd.
874 4549 917 4601 Sin
945 4548 1074 4599 maciem
1101 4548 1170 4600 aum
1199 4546 1256 4599 uin

127 4619 257 4674 lntcrcssc
275 4622 318 4673 lir-
335 4620 377 4672 dic
396 4621 523 4673 deutsche
537 4618 661 4686 Spraclrc,
674 4619 721 4670 dne
739 4617 780 4670 bei
800 4617 886 4670 viclcn
897 4616 1072 4670 Humanistcn
1084 4616 1128 4669 cin
1139 4620 1257 4669 armarat
