2774 4966
10 29 972 328 u

305 690 412 744 Mutian
429 704 464 742 au
484 688 517 743 H.
539 684 687 742 Ebcrbach.
723 687 829 741 lintion
848 704 883 741 an
900 686 1001 742 Urban.
1164 685 1227 752 575

92 863 177 945 quod
209 861 366 940 desidem,
402 864 434 926 et
468 861 615 943 protinus
648 859 784 924 fideliter
817 859 987 926 remittam.
1038 856 1226 923 Subsidium

90 967 154 1012 nou
171 949 254 1013 desit
278 953 334 1012 tuo
358 947 456 1011 iratri.
504 946 694 1011 Subvenias
742 945 827 1009 Bene
851 966 986 1027 sperare,
1009 945 1093 1008 bono
1117 947 1225 1010 animo

91 1056 159 1098 esse
191 1034 305 1117 jubeas
329 1033 378 1097 vel
402 1034 441 1096 ad
465 1034 601 1096 reditum
636 1031 786 1096 hortare.¹
833 1030 927 1094 Vivat
959 1036 991 1094 et
1021 1052 1090 1093 cum
1122 1030 1225 1094 salute

91 1122 241 1184 reveniat.
288 1119 372 1183 Vale.

245 1219 306 1273 eod.
327 1217 393 1273 Frcl.
412 1217 470 1270 499.

92 1405 211 1475 (cotia.)
625 1389 697 1454 512.
1055 1406 1120 1473 (run
1141 1405 1226 1475 1515.)

471 1514 617 1584 Mutian
640 1533 689 1583 an
710 1513 850 1585 Urban.

95 1642 271 1709 (Bescdwcrde
288 1643 355 1695 r‘r‘ber
372 1643 422 1696 den
444 1642 594 1696 GothaerF
621 1640 838 1705 etderMutiuns
847 1641 966 1705 Po'ctrter,
985 1643 1076 1696 acinon
1093 1643 1227 1706 Naotrbut',

93 1728 142 1763 una
159 1711 205 1762 ein
225 1711 306 1764 Siticlr
331 1711 410 1764 Laud
432 1711 561 1765 ccrlr'irat
649 1728 680 1778 pe
700 1711 765 1763 iiber
786 1711 829 1763 die
858 1710 1096 1780 Weitlltufiylciten
1119 1712 1161 1764 bei
1183 1713 1231 1765 der

95 1778 244 1846 Bestettuny
263 1779 413 1848 Nepotiane
431 1780 472 1832 ata
490 1779 575 1832 seium
593 1778 847 1847 Beoottmltctrtiqtem
865 1780 944 1832 roure
960 1780 1024 1832 dher
1047 1780 1157 1843 Voltxtre,
1167 1780 1230 1833 dress

160 1865 189 1898 er
206 1848 335 1900 Mutionr
352 1848 382 1900 in
399 1853 488 1916 quum
506 1847 604 1901 Iotcin
618 1847 816 1915 qesctrriebenen
841 1847 955 1902 Oonseas
972 1849 1161 1915 untmdrr'r'rtrt.)

471 1960 512 2011 Η.
530 1960 660 2011 Urbano
678 1961 722 2011 Μ.
740 1959 851 2011 Runa.

199 2069 230 2133 S.
277 2071 324 2134 De
347 2069 467 2153 quibus
483 2070 654 2135 Hessiacus
669 2075 855 2154 procurator
871 2068 973 2135 mcus²
990 2071 1112 2144 scribit,
1134 2069 1230 2153 Fogel

95 2161 127 2219 et
152 2155 315 2237 Stoltzing
337 2178 377 2219 an
402 2156 494 2220 albae
514 2158 581 2221 sint
597 2179 637 2220 an
655 2164 743 2221 atrae
760 2158 912 2234 volucres,
928 2157 1044 2220 nescio.
1084 2156 1231 2219 Alienum

94 2246 202 2305 tamen
226 2243 329 2304 visum
353 2241 390 2305 iri
415 2263 477 2306 non
503 2242 606 2315 debet,
630 2243 657 2305 si
683 2244 765 2307 tueri
790 2264 875 2307 meos
898 2242 1046 2306 conabor.
1094 2240 1231 2306 Vocatus

95 2331 145 2391 est
167 2326 264 2409 Fogel
288 2328 320 2389 in
340 2327 393 2409 jus
419 2329 523 2392 edicto
547 2326 723 2410 Signiferi,⁸
755 2328 840 2410 quod
873 2329 1018 2392 notarius
1052 2329 1158 2390 curiae
1188 2328 1232 2390 si-

95 2414 217 2495 gnavit.
263 2411 297 2476 Si
314 2414 525 2490 advolaverit,
548 2415 680 2495 arripiat
702 2436 773 2477 eum
797 2412 1011 2497 Nepotianus‘
1035 2417 1068 2476 et
1090 2413 1233 2496 postulet

96 2498 295 2580 injuriarum,
334 2499 420 2580 quod
460 2499 583 2563 scilicet
620 2501 759 2563 vicinum
798 2522 901 2576 suum,
939 2520 1042 2563 meum
1078 2498 1229 2577 villicum,

95 2588 205 2649 oneret
227 2589 260 2647 ct
281 2591 405 2666 partem
433 2584 527 2648 villae
547 2584 655 2648 trahat
677 2587 709 2648 in
734 2607 793 2649 sua
816 2590 926 2667 saepta
954 2607 1034 2648 ausu
1065 2585 1232 2653 temerario

95 2671 204 2752 sicque
227 2692 291 2732 rem
315 2691 418 2733 meam
449 2671 561 2734 reddat
586 2671 781 2734 deteriorem.
827 2671 876 2735 lta
899 2670 999 2753 primo
1022 2671 1132 2734 statim
1157 2691 1233 2734 con-

97 2777 218 2839 gressu,
242 2756 268 2819 si
292 2755 386 2819 modo
419 2757 552 2834 venerit,
576 2756 661 2839 quod
689 2757 834 2839 equidem
868 2777 930 2819 non
963 2756 1066 2833 credo,
1094 2756 1134 2819 lis
1162 2760 1233 2820 tota

97 2841 342 2906 disturbabitnr.
388 2840 513 2923 Pauper
535 2843 620 2905 enim
644 2862 789 2923 paganus
813 2863 877 2905 non
900 2845 1008 2922 potest
1036 2840 1231 2923 impendium

96 2928 162 2991 litis
185 2926 371 3008 persolvere.
423 2925 581 2991 Mitterem
602 2928 770 2992 formulam
785 2926 976 3010 Nepotiano,
994 2948 1057 3008 qua
1073 2949 1106 2990 se
1122 2927 1232 2991 datum

97 3034 166 3077 esse
201 3017 438 3096 procuratorem
472 3013 595 3088 doceat,
630 3013 690 3076 nisi
714 3014 858 3076 notarius
881 3013 949 3094 (qui
972 3012 1092 3077 scribat
1129 3034 1233 3094 ,anno

98 3120 204 3163 mense
227 3099 278 3162 die
301 3098 354 3160 rel.
378 3098 409 3160 in
434 3099 613 3179 praeseutia
636 3099 697 3161 mei
721 3099 837 3162 notarii
854 3105 886 3162 et
901 3099 1033 3163 testium
1049 3099 1234 3181 infrascrip-

97 3191 202 3248 torum
227 3185 312 3260 iecit,
338 3185 516 3260 constituit,
549 3185 677 3257 creavit,
708 3183 890 3248 ordinavit“
918 3184 972 3247 rel.
997 3190 1029 3248 et
1051 3184 1233 3247 istiusmodi

98 3292 200 3352 nugas
229 3270 311 3333 male
339 3268 503 3350 digestas),
535 3269 770 3333 desideraretur
800 3269 851 3332 hic
874 3293 894 3333 a
917 3270 1019 3333 nobis.
1066 3269 1234 3334 Enimvero

100 3378 170 3419 curn
195 3355 259 3419 alia
281 3356 333 3418 via
356 3355 541 3418 nominandi
566 3357 779 3437 procuratoris
813 3360 931 3438 pateat,
966 3357 1061 3419 miror
1095 3355 1235 3419 maxime

101 3443 180 3505 adeo
213 3440 330 3504 bardos
354 3461 422 3503 esse
442 3440 653 3523 jurisperitos,
678 3446 712 3504 ut
736 3463 828 3504 nemo
851 3441 895 3504 sit
919 3439 1023 3520 hodie,
1046 3442 1101 3524 qui
1124 3442 1234 3505 tritam

99 3527 235 3590 orbitam
260 3527 395 3589 deserat.
445 3526 511 3607 Ego
535 3530 659 3609 praeter
674 3528 753 3590 alias
770 3527 850 3590 duas
866 3526 960 3590 hasce
976 3528 1066 3590 novi:
1091 3527 1233 3605 alteram,

99 3614 127 3676 si
157 3613 325 3675 scriberem
361 3611 517 3675 universis
553 3611 700 3685 salutem,
734 3612 877 3689 alteram,
908 3612 934 3675 si
962 3612 1062 3694 judici
1096 3616 1234 3693 tanturn,

101 3697 220 3761 additis
262 3697 448 3761 solennibus
492 3698 637 3761 articulis
675 3698 713 3760 de
751 3699 961 3762 satisdatione
1006 3697 1233 3780 hypothecaria

103 3783 205 3865 deque
229 3784 377 3846 cautione
399 3783 520 3846 usitata
543 3805 613 3847 cum
638 3787 715 3847 noto
740 3783 847 3866 aliquo
870 3783 975 3864 sigillo
1005 3785 1072 3847 sive
1101 3790 1233 3849 senatus

101 3870 168 3932 sive
184 3868 310 3949 collegii
332 3869 548 3945 sacerdotalis.
594 3867 656 3933 Sed
673 3890 728 3952 per
743 3869 835 3932 deum
852 3869 1073 3947 immortalem,
1089 3869 1233 3934 ridentur

102 3954 218 4019 eruditi
236 3954 276 4017 ab
294 3953 452 4018 illiteratis
474 3954 652 4018 causidicis
699 3953 779 4030 Quid
798 3952 914 4019 Uulsco
931 3955 1067 4019 venitin
1084 3959 1235 4032 mentem,

102 4046 138 4104 ut
172 4041 349 4122 supprimat
384 4041 624 4103 consensionem
658 4063 677 4102 a
712 4062 760 4103 mc
795 4039 986 4122 scriptam?⁵
1045 4039 1080 4104 Si
1114 4063 1234 4105 sannas

104 4127 218 4191 metuit
254 4127 451 4203 vicariorum,
486 4125 551 4189 fero
583 4147 646 4190 non
677 4147 786 4207 aegre;
822 4126 872 4189 sin
905 4131 1012 4189 autem
1046 4128 1232 4206 contemnit,

175 4347 181 4377 ¹
203 4345 259 4414 Vgl.
278 4346 304 4399 S.
323 4346 374 4396 2353
392 4347 422 4397 Α.
441 4345 466 4398 4.
520 4344 578 4396 ²lu
597 4342 736 4412 Hcmbcrg.
765 4343 824 4412 Vgl.
843 4343 886 4398 Βι·Ι
907 4344 964 4396 223.
1018 4342 1232 4409 lStimurcrings.

103 4412 129 4465 S.
151 4414 181 4465 ‘21
204 4419 233 4466 A.
256 4417 277 4466 1.
333 4417 341 4445 ⁸
360 4413 499 4480 Nepotian,
518 4413 565 4465 dor
583 4412 767 4480 Hausgcnosse
785 4413 898 4474 Urbana,
917 4414 972 4464 sein
991 4411 1075 4476 Notio,
1094 4411 1197 4465 schcint
1209 4411 1235 4460 in

106 4482 193 4534 Erlurt
211 4483 269 4534 sich
289 4483 348 4534 dein
368 4481 463 4534 Bonita
485 4482 557 4534 einos
576 4480 667 4533 Scriba
684 4481 825 4548 gowidnrot
843 4498 875 4533 zu
896 4482 989 4547 haben,
1008 4481 1042 4532 da
1059 4496 1088 4533 cr·
1106 4480 1164 4532 hier
1181 4477 1235 4529 und

106 4554 179 4602 soust
203 4552 253 4603 mit
276 4549 428 4603 notariollon
451 4550 608 4602 Geschiittcn
635 4549 782 4618 beaultragt
808 4551 881 4603 vvird.
952 4549 1103 4601 ⁶Gemcirrt
1129 4549 1164 4600 ist
1192 4544 1224 4596 d*¹

105 4618 269 4671 Rutihabitio
282 4619 460 4672 consensionis
479 4619 506 4670 iu
525 4618 570 4671 Ni.
589 4617 641 4670 492
658 4617 724 4670 iiber
741 4619 784 4669 dic
802 4618 950 4687 Abtretung
967 4619 1014 4671 des
1031 4617 1136 4670 Hausos
1147 4627 1200 4669 ant

105 4686 200 4739 virne
219 4703 252 4739 zu
270 4688 386 4739 Gnusten
406 4688 452 4739 des
469 4687 659 4741 Nordhlusers.
695 4684 755 4755 Vgl.
773 4685 816 4739 Br.
835 4686 893 4740 501.
