2774 4966
381 39 1347 212 -

383 99 385 105 .
434 86 441 105 Ι

129 525 192 602 544
547 535 636 590 Briefa
655 533 701 589 des
719 532 744 589 J.
766 520 839 590 1515.

128 724 243 793 (com)
647 708 721 774 479.
1087 721 1153 792 (aar
1171 719 1258 793 isra.)

501 815 648 885 Mutian
671 837 721 886 an
742 815 883 886 Eoban.

131 926 313 994 (Rechtsertrpt
330 926 387 978 sich
405 943 489 994 erepere
506 927 552 980 der
566 927 718 995 comoedica
735 926 1018 993 Voram‘r'eseanduea'et
1035 925 1260 994 Uretarsetlopurp

130 996 188 1048 urard
210 994 281 1047 Neid
304 995 412 1048 suniat.
459 995 553 1048 Cretas
579 995 928 1133 ὁῇιῗῖιόεῶὁαῗνΐήωηῳι
952 995 1017 1048 iiber
1038 994 1081 1048 die
1103 994 1260 1062 Ιωῳπωῷο

229 1160 344 1210 Divino
362 1160 490 1209 Eobano
509 1161 609 1210 Heeso
627 1163 788 1211 Musarum
807 1162 941 1212 antistiti
959 1158 1014 1226 (Μ.
1031 1155 1155 1225 Rufus).

232 1253 263 1318 S.
309 1253 376 1335 Ego
409 1257 440 1315 te
471 1257 507 1315 ut
536 1253 705 1317 aleatorem
740 1260 772 1318 et
803 1254 946 1337 perditae
979 1255 1064 1316 vitae
1096 1251 1260 1315 hominem

130 1340 298 1422 objurgare
321 1338 465 1401 deberem
490 1359 545 1419 pro
568 1360 638 1402 mea
660 1361 735 1419 erga
757 1344 789 1403 te
812 1339 1044 1413 benevolentia,
1072 1337 1128 1401 sed
1150 1342 1187 1400 tu
1210 1358 1261 1400 me

131 1426 221 1489 furti¹
247 1428 280 1487 et
302 1423 497 1486 invidentiae
519 1426 635 1505 arguis,
659 1426 752 1505 quasi
776 1425 948 1489 clausulam
966 1425 1013 1487 ori
1029 1444 1099 1487 meo
1115 1423 1259 1487 daturus.

129 1511 216 1575 Haec
238 1531 308 1573 mea
330 1509 447 1572 diluam
472 1510 612 1586 crimina,
636 1511 663 1573 si
687 1532 755 1573 mea
782 1514 868 1586 sunt,
891 1532 972 1592 quae
995 1530 1064 1572 mea
1087 1529 1150 1572 non
1174 1512 1260 1572 sunt.

131 1597 256 1671 Crotus,
272 1596 319 1657 vir
335 1595 474 1676 optimus
492 1599 524 1657 et
539 1618 611 1658 vere
626 1600 701 1658 tuus
718 1602 816 1677 pater,
840 1595 977 1677 quadam
1001 1593 1261 1676 petulantissima

130 1681 273 1764 epistola,
297 1680 361 1743 imo
384 1686 521 1761 quatuor
549 1679 635 1744 foliis
661 1685 749 1744 tuam
779 1681 940 1745 levitatem
964 1702 1001 1743 ac
1024 1679 1196 1743 stultitiam
1227 1679 1259 1742 in

129 1789 162 1830 re
184 1767 297 1830 uxoria
327 1766 480 1847 proscidit
512 1767 677 1842 mandans,
701 1772 737 1830 ut
759 1788 829 1830 meo
851 1767 984 1829 arbitrio
1013 1765 1059 1827 vel
1090 1764 1260 1828 retinerem

131 1852 179 1917 vel
209 1853 394 1915 emitterem.
450 1849 517 1930 Ego
544 1872 617 1914 vero
652 1854 756 1931 (erant
788 1852 872 1915 enim
907 1850 1044 1933 patulae,
1074 1871 1139 1912 non
1172 1849 1261 1913 obsi·

129 1943 246 2019 gnatae
268 1937 377 2000 literae
391 1939 416 2010 ⁸)
445 1939 570 1999 tantum
592 1936 696 2017 justae
720 1937 942 2001 amaritudinis
964 1935 1092 2014 offendi,
1114 1939 1152 1998 ut
1172 1954 1261 1999 com-

131 2024 283 2086 busserim
308 2044 324 2084 e
353 2022 497 2102 vestigio.
542 2021 652 2103 Neque
688 2023 718 2085 id
753 2024 822 2085 sine
856 2044 960 2086 causa.
1005 2020 1086 2084 Nam
1121 2019 1147 2083 si
1182 2019 1261 2083 mibi

130 2109 291 2172 silentium
327 2107 490 2189 imperasti
520 2107 560 2170 ob
592 2108 708 2171 nudam
740 2113 771 2170 et
794 2109 968 2190 simplicem
1004 2106 1261 2187 castigationem,

131 2195 208 2276 quid
231 2193 349 2256 faceres
373 2193 468 2256 Croto
492 2197 595 2256 totum
620 2192 737 2256 vulnus
769 2192 968 2257 suflricanti‘?
1013 2189 1127 2256 Procul
1161 2190 1261 2255 dubio

131 2302 214 2362 aqua
248 2283 279 2343 et
312 2279 379 2359 igni
414 2278 626 2342 interdiceres.
683 2277 718 2341 ln
751 2300 888 2345 summa:
923 2278 1051 2360 scripsit
1083 2297 1196 2360 graece
1228 2282 1262 2340 et

131 2366 239 2440 latine,
262 2365 316 2428 sed
340 2365 380 2428 ad
403 2362 488 2426 hunc
512 2365 650 2440 modum,
674 2368 710 2428 ut
733 2364 851 2429 diceret
874 2370 906 2428 te
929 2363 1007 2427 illud
1030 2363 1259 2446 sempiternum

132 2452 293 2533 poenitere
323 2450 417 2512 nimis
447 2470 563 2529 magno
595 2450 718 2528 emisse,
741 2471 812 2513 curn
836 2450 930 2514 vilius
963 2448 1089 2513 intuere
1123 2452 1259 2512 constet.

131 2536 272 2618 Adjecit:
310 2533 364 2616 „Si
395 2534 455 2596 tria
489 2533 623 2597 fulmina
650 2535 683 2597 in
711 2557 807 2599 manu
840 2536 1000 2611 haberem,
1033 2536 1170 2617 primum
1203 2554 1261 2596 ex-

132 2626 269 2685 cuterem
293 2622 324 2683 in
349 2641 478 2683 uxorem
503 2619 626 2684 Eobani
649 2625 796 2684 nasutum
821 2627 853 2685 et
875 2621 1057 2696 deformem,
1085 2617 1260 2683 secundum

133 2708 164 2769 in
189 2710 307 2770 sectam
331 2703 655 2782 Hochstratinianam,
685 2707 814 2771 tertium
843 2706 921 2770 mihi
943 2707 975 2769 in
998 2728 1091 2768 usum
1120 2704 1261 2785 aliquem

135 2793 347 2856 necessarium
386 2790 605 2854 reservarem.“
669 2791 727 2863 llh,
766 2793 808 2855 mi
846 2791 985 2868 Eobane‚
1022 2791 1100 2854 boni
1136 2811 1261 2853 mecum

133 2900 243 2941 omnes
281 2879 363 2942 idem
401 2876 554 2940 sentiunt.
608 2876 733 2959 Dispuli
770 2878 846 2940 furt-i
884 2882 1002 2940 notam.
1062 2875 1262 2938 Invidentiae

132 2964 257 3045 culpam
291 2984 382 3026 nemo
411 2963 442 3023 in
471 2984 520 3024 me
548 2984 687 3044 unquam
723 2963 937 3044 deprehendit.
983 2962 1134 3024 Erasmus
1167 2960 1260 3024 dicit:

135 3048 216 3132 ,Ubi
238 3049 327 3112 nulla
350 3047 495 3122 felicitae,
524 3047 569 3110 ibi
593 3048 680 3111 nulla
709 3046 875 3111 invidia.“²
920 3048 981 3123 Qui
1009 3046 1153 3110 invident
1179 3046 1261 3108 ami·

133 3156 239 3198 corum
264 3133 419 3210 felicitati,
444 3131 558 3195 nolunt
581 3154 634 3196 eos
657 3154 785 3214 prorsus
808 3134 960 3210 subverti,
983 3133 1039 3196 sed
1061 3137 1168 3195 tamen
1189 3152 1262 3212 gra·

132 3225 248 3284 vantur
279 3220 406 3284 illorum
434 3218 631 3281 excellentia.
677 3217 744 3300 Ego
773 3241 882 3301 precor
905 3219 965 3282 tibi
989 3217 1185 3292 felicitatem,
1208 3218 1262 3279 cui

133 3307 234 3377 multi,
259 3307 349 3369 multi
374 3306 444 3367 dico
468 3304 641 3367 invideant.
686 3303 753 3384 Ego
777 3311 883 3368 autem
907 3325 1008 3386 neque
1025 3303 1152 3366 invideo
1169 3323 1261 3384 prae-

131 3393 298 3455 stantiaeb
321 3396 395 3453 tuae
418 3393 449 3451 et
471 3390 569 3451 sacris
598 3391 801 3468 carminibus,
825 3390 879 3454 sed
902 3389 1082 3472 gratulor,⁰
1112 3392 1144 3450 et
1166 3387 1260 3451 doleo

132 3483 164 3540 te
188 3476 297 3540 haberi
320 3477 360 3540 ab
386 3496 493 3551 uxore,
517 3475 579 3538 imo
603 3476 719 3537 servire
742 3475 861 3539 feritati
884 3483 917 3539 et
938 3476 1091 3539 luxuriae.
1138 3472 1186 3535 Tu
1210 3494 1261 3535 me

131 3562 177 3626 fer
198 3563 248 3625 tui
270 3566 429 3625 amantem
453 3564 485 3622 et
507 3581 606 3641 spera.
652 3561 731 3624 Cras
753 3561 859 3625 forsan
884 3559 997 3642 fulgor,
1031 3559 1124 3622 hodie
1147 3557 1260 3621 nubes.

131 3647 214 3711 Vale.

285 3730 346 3784 Ceu.
364 3730 430 3783 lbos.
449 3731 508 3784 470.

132 3865 247 3936 (corna.)
656 3851 729 3914 480.
998 3835 1000 3839 ’
1089 3862 1152 3931 (nai
1173 3865 1261 3932 rma.)

504 3960 648 4030 Mutian
671 3981 720 4029 an
742 3960 883 4029 Eolran.

132 4072 234 4138 (Eobun
252 4071 298 4123 leat
316 4088 390 4123 arear·
406 4071 454 4122 den
479 4070 586 4123 Mation
611 4088 669 4123 none
691 4070 773 4123 Neidc
795 4069 1010 4138 fraipesprorlrcu,
1036 4069 1098 4121 aber
1118 4068 1167 4119 dere
1196 4067 1261 4119 l'or-

131 4140 206 4207 rmrrf
222 4141 267 4191 cler
294 4140 518 4206 lfntereeulapunp
542 4141 599 4191 und
625 4140 790 4192 Unlenntnr'a
814 4139 929 4191 bestelren
952 4138 1046 4190 lamecu
1082 4136 1118 4188 ll.
1143 4137 1188 4188 hul
1213 4137 1261 4188 ab·

199 4276 213 4303 a
227 4261 319 4314 literae
336 4260 399 4325 fehlt
417 4261 458 4312 tei
469 4260 550 4340 fara.
622 4260 765 4313 binvidiao
785 4266 849 4312 stall
867 4260 972 4312 invideo
991 4257 1164 4326 praestantiae
1184 4255 1261 4308 Terra.

132 4331 208 4429 osed¹
222 4330 331 4451 blddlab
352 4329 677 4465 lidliebedudmdchonung
695 4397 752 4465 den,⁸
764 4397 813 4474 ΒΓ.Ι
826 4397 872 4449 des
890 4397 983 4449 (bolus
1003 4411 1035 4449 an
1054 4394 1142 4446 Eoban
1159 4396 1262 4470 'unter-

131 4466 231 4519 driiclrt.
268 4467 293 4520 S.
312 4468 363 4519 539
382 4469 411 4518 A.
431 4467 453 4520 2.
490 4467 532 4518 Br.
551 4466 603 4519 476
621 4465 637 4520 f.
708 4465 864 4518 'Ahnlrcm
887 4465 968 4518 »Ram
994 4469 1084 4517 autem
1111 4462 1167 4513 lien
1184 4461 1262 4527 solet,

125 4540 156 4588 ut
169 4551 277 4590 aunnna
294 4536 408 4591 felicitas
427 4539 515 4591 carcat
533 4535 655 4592 invidias
692 4533 817 4603 adagim.
