2774 4966
553 586 657 640 lintion
676 603 710 640 sn
729 584 828 641 Urban.
1192 589 1254 655 103

124 762 238 826 trustra
271 784 372 827 essem
407 760 580 835 officiosus,
609 762 677 822 turn
702 758 826 822 demum
860 761 1011 841 cogitavi:
1047 760 1132 825 Nihil
1167 762 1252 827 alind

124 849 237 930 agitur,
259 870 357 931 qnam
382 852 419 911 ut
441 846 560 910 Murius
584 868 654 910 cum
679 845 770 909 Lotio
787 866 844 909 sno
861 847 968 910 veniat
983 846 1023 909 ad
1042 848 1162 910 Saliare
1177 871 1253 912 con·

126 935 251 1000 rivium.
289 934 376 999 Satis
393 933 516 998 faciunt
532 933 689 1014 ingeniosi
707 938 821 1013 patres
838 934 922 1013 quod
939 933 971 995 in
990 932 1125 997 Matiani
1147 934 1250 1000 locum

124 1018 255 1085 limium
279 1020 466 1102 subrogant.
503 1020 551 1083 lta
568 1020 650 1081 enim
668 1019 731 1091 liet,
750 1023 785 1082 nt
800 1020 869 1101 ipse
884 1021 1033 1101 conqueri
1054 1042 1116 1083 non
1135 1022 1251 1101 possim

126 1129 171 1170 rus
184 1130 253 1172 esse
270 1109 488 1190 praeteritum.
534 1106 583 1168 Me
603 1109 709 1168 tamen
734 1127 794 1168 non
820 1106 959 1187 poenitet
984 1106 1129 1170 defuisse.
1154 1128 1251 1188 quum

130 1215 203 1275 „non
228 1193 381 1274 loquendi
406 1199 541 1274 tempus,
566 1213 627 1254 non
652 1191 776 1254 tacendi
803 1192 999 1262 modestiam,
1031 1215 1092 1255 non
1117 1194 1252 1277 denique

128 1279 249 1344 edendi
263 1280 455 1361 dignitatem
470 1278 660 1342 custoditam
677 1277 779 1340 essa“¹
799 1283 932 1341 constet..
958 1277 1059 1342 'l'accn
1073 1280 1249 1345 indecoram

131 1366 354 1440 confusionem,
378 1366 502 1429 foedam
520 1365 715 1440 ebrietatem,
734 1385 834 1426 mores
852 1365 1010 1446 penninos.
1050 1366 1160 1428 allecti
1176 1373 1252 1430 sunt

131 1452 271 1534 epulones
296 1453 421 1534 impuri.
450 1474 530 1534 quos
559 1451 795 1533 proterrninarn,
826 1452 952 1514 inritati
981 1460 1057 1514 sunt
1087 1475 1252 1535 compran-

133 1558 206 1602 sores
226 1538 338 1620 inepti,
360 1560 440 1621 quos
462 1538 637 1620 explodere,
661 1539 783 1600 advecti
806 1546 881 1601 sunt
904 1537 1109 1602 combiboncs
1130 1539 1250 1616 nefarii,

135 1644 202 1704 quos
222 1625 418 1707 proscribere
442 1624 615 1688 monachos
638 1630 734 1704 alque
757 1625 887 1688 omnino
917 1627 1054 1689 aversari
1085 1627 1251 1691 detestari·

138 1731 187 1792 qno
217 1711 340 1775 debeat.
387 1711 467 1787 Quid
503 1732 646 1774 accusem
682 1711 797 1786 nescio,
827 1735 866 1774 an
896 1710 1066 1774 Fortunam
1097 1735 1136 1774 au
1161 1711 1249 1777 deam

138 1793 353 1878 Impudentiam
370 1819 411 1861 an
429 1797 523 1878 hujus
540 1796 657 1859 saeculi
675 1819 776 1860 mores
795 1819 906 1869 moros,
925 1807 960 1861 ut
976 1798 1081 1880 inquit
1095 1797 1250 1876 Planus?

141 1879 166 1944 b.
178 1905 199 1946 s.
215 1884 330 1949 stultos
348 1890 381 1948 et
397 1883 513 1948 fatuos.
560 1883 675 1945 Vellem
700 1884 875 1948 abstineret
899 1890 988 1966 pater
1003 1885 1044 1947 ab
1061 1885 1114 1947 illa
1132 1885 1251 1966 polluta

143 1970 320 2052 contagione.
367 1968 432 2034 Sed
448 1968 577 2033 fortuna
600 1969 698 2033 trahit.
722 1970 751 2032 id
775 1991 875 2050 genus
901 1972 1041 2034 homines
1066 1973 1097 2033 in
1123 1971 1250 2044 Vallem,

144 2052 169 2115 in
187 2057 283 2120 villum
307 2053 507 2120 l'ulcaniam³
533 2057 562 2118 in
588 2057 755 2138 perniciem
775 2057 937 2132 bonorum,
952 2058 1044 2139 juxta
1062 2057 1250 2121 catholicum

146 2139 211 2206 illum
233 2143 551 2225 vulgatissimamque
572 2144 779 2206 sententiam:
795 2155 809 2183 ⁸
833 2144 909 2207 nihil
928 2166 1110 2226 prosperum
1134 2151 1251 2209 morta·

148 2223 213 2291 libus
241 2230 405 2312 provenire
429 2235 536 2313 potest
559 2229 659 2291 invita
683 2238 715 2292 et.
737 2230 925 2294 adversante
956 2230 1091 2294 fortuna.
1138 2230 1250 2296 Consi·

147 2313 203 2375 nile
221 2323 268 2380 sat
290 2315 367 2379 illud
395 2315 707 2379 memoratissimum:
735 2317 819 2397 „Heu
847 2317 923 2381 nihil
948 2317 1056 2381 invitis
1078 2317 1125 2380 tas
1141 2339 1250 2399 qnem-

148 2403 237 2478 quamb
254 2403 349 2467 fidere
366 2401 494 2466 divis.“‘
526 2402 609 2464 llaec
624 2392 702 2486 xuni}
718 2393 795 2487 τύχῃῚ
820 2408 851 2467 et
873 2399 1047 2487 εἱμαρμένη»
1069 2405 1088 2467 i.
1107 2429 1132 2467 e.
1151 2405 1249 2466 latum

151 2490 175 2548 a
191 2491 348 2554 necessitas
371 2490 433 2553 sibi
457 2490 589 2552 invicem
621 2490 783 2553 individuo
814 2512 957 2554 connexa
986 2491 1109 2571 glutino
1141 2491 1248 2554 devin-

151 2583 208 2637 crat
226 2577 358 2658 prudens
381 2577 559 2649 consilium,
583 2598 680 2656 sagax
706 2578 885 2651 remedium,
906 2576 1027 2659 justum
1054 2578 1248 2642 institutum.

154 2655 227 2735 ,lata
245 2669 359 2746 regunt.
382 2662 502 2737 orbem,
526 2667 612 2724 certa
635 2667 724 2725 stant
746 2664 851 2726 omnia
876 2662 990 2743 lege.“⁵
1036 2663 1076 2727 Et
1093 2677 1187 2726 notus
1203 2669 1252 2726 est

152 2740 190 2806 ills
207 2747 388 2813 Cleanthis⁰
415 2748 596 2823 versiculus,
620 2770 712 2829 quem
738 2748 858 2812 Seuera
876 2750 1009 2813 latinum
1034 2751 1109 2814 fecit
1133 2752 1162 2814 in
1188 2756 1251 2815 tra·

151 2833 243 2908 gordia,
266 2837 316 2900 cni
341 2836 456 2900 titulus
478 2841 527 2899 est
551 2835 700 2898 Hercules
731 2837 879 2899 insanus:
914 2837 1062 2917 ,Ducunt
1094 2837 1249 2900 volentem

152 2912 207 2993 lata,
227 2925 380 2987 nolentem
406 2920 584 2987 trauains
608 2929 640 2983 et
662 2923 830 3005 scriptores
851 2924 1036 3003 agminatim
1054 2924 1248 2987 exclamant:

154 3001 247 3079 ,litam
270 3014 352 3091 regit
375 3010 513 3086 fortuna,
539 3032 600 3072 non
625 3007 826 3091 sapierrtia.“'
871 3010 944 3074 ldeo
969 3010 1077 3074 Cicero
1096 3018 1201 3074 noster
1218 3012 1248 3074 in

151 3090 256 3168 epistola
280 3097 452 3160 scitissime
475 3096 645 3160 exclamat:
683 3096 769 3174 ,lloc
801 3106 940 3179 tempore
963 3097 1096 3161 audacia
1121 3120 1175 3179 pro
1199 3120 1249 3161 sa-

151 3176 241 3255 pientia
261 3184 337 3248 licst
362 3181 454 3247 uti.“⁸
502 3183 585 3246 llaec
609 3182 715 3245 fatalis
745 3183 911 3265 dispositio
934 3186 1030 3248 moris
1053 3184 1146 3247 favet.
1195 3183 1250 3247 Ni·

151 3263 235 3330 mirum
257 3269 388 3335 morbus
411 3291 513 3334 mores
536 3269 663 3332 invasit..
710 3269 784 3333 lllali
808 3271 899 3351 quasi
923 3270 1021 3334 herba
1045 3271 1162 3352 irrigua
1177 3293 1249 3333 sac·

150 3364 283 3419 creverunt
307 3356 473 3420 uberrima.
519 3355 665 3418 llliterati
687 3357 875 3432 sacerdotes,
900 3358 952 3439 qui
979 3360 1032 3420 vix
1059 3356 1250 3439 primoribus

150 3430 221 3502 labris
239 3451 448 3522 gustaverunt
472 3442 580 3505 literas
602 3441 831 3517 elementarias,
848 3447 913 3507 tam
932 3444 1155 3515 bacharetam
1174 3467 1248 3506 cou-

149 3519 198 3588 luse
221 3535 427 3611 corruptoque
457 3535 567 3592 sancta
599 3529 693 3590 rerba
728 3531 973 3610 prr-orrrrrrtiarrt,²
997 3536 1032 3593 ut
1056 3529 1248 3593 ineluibilem

148 3615 274 3679 maculam
300 3616 485 3680 christianis
503 3615 681 3678 cerimoniis
698 3624 876 3697 aspergant.
916 3616 977 3679 Sed
996 3624 1102 3679 essent
1119 3616 1248 3689 ferendi,

146 3694 292 3769 sitantum
328 3704 440 3785 lingua
474 3707 643 3782 peccarent
664 3706 695 3763 et
720 3722 780 3764 non
806 3707 911 3765 essent
944 3702 1092 3766 omnibus
1128 3704 1248 3782 probris

146 3790 329 3853 rnnraainati
346 3798 379 3852 et
394 3789 501 3851 animo
519 3808 581 3850 non
600 3787 704 3850 minus
720 3811 814 3869 qnam
839 3811 891 3850 ors
915 3789 1086 3871 depravati.
1126 3789 1248 3864 Quibus

146 3871 227 3937 nnllus
249 3877 296 3938 dei
322 3881 426 3939 metus
442 3884 502 3951 est,
521 3873 596 3936 nibil
616 3875 741 3954 penitus
759 3875 938 3954 religiosum
958 3882 1079 3957 praeter
1104 3875 1247 3938 habiturn

142 3962 354 4026 sacerdotalem.
380 3961 451 4024 Nou
468 3963 550 4023 eninr
570 3961 777 4030 Salvatorem,
796 3983 857 4024 non
878 3963 1037 4037 virtutem,
1064 3984 1124 4024 non
1151 3963 1246 4024 sitam

141 4043 317 4130 dispositam,
351 4049 509 4132 pudicam,
539 4047 753 4129 tranquillam,
785 4048 838 4110 sed
866 4050 1019 4112 subantes
1043 4051 1073 4111 in
1100 4048 1247 4111 Vensrsm

140 4139 258 4200 ventrem
276 4137 388 4200 colunt
403 4140 433 4197 st
450 4156 532 4216 qnae
547 4135 606 4197 sub
624 4139 732 4196 ventre
748 4142 832 4211 sunt,
851 4158 973 4217 semper
996 4136 1103 4213 rixosi,
1128 4158 1250 4218 semper

188 4301 201 4328 ⁸
213 4289 237 4340 ci
255 4293 288 4340 st.
307 4288 336 4340 ti.
407 4290 421 4327 b
435 4302 592 4353 ‹prcrrquauu
664 4285 814 4339 rt’lcautis.

190 4357 283 4410 ιΡΙίη.
302 4357 350 4424 Ep.
369 4355 416 4413 lll.
435 4357 480 4407 20:
501 4355 569 4408 anon
587 4358 692 4421 ternpus
712 4354 843 4422 loquendi,
856 4373 906 4408 uon
920 4357 1021 4407 tacendi
1043 4356 1178 4408 modestia.
1199 4373 1247 4407 urin

131 4421 231 4495 deniqne
258 4425 368 4478 sedendi
395 4425 508 4490 dignitas
535 4424 746 4476 ‹urstodiclratrus
822 4425 917 4476 '²'lri1n
948 4424 993 4482 lll,
1013 4427 1035 4485 ⁵2,
1055 4429 1095 4478 ln.
1169 4425 1249 4476 ³1un·

129 4489 270 4550 llosrerhof
287 4495 312 4547 in
332 4494 507 4561 Sobiinnutll.
579 4495 588 4524 ⁴
611 4493 684 4559 lurp.
705 4498 767 4546 ,lou
788 4493 899 4556 11,40·2.
970 4497 980 4525 ³¹
1000 4494 1085 4546 llnuil.
1106 4495 1151 4547 ll'¹
1173 4495 1212 4548 ll.

154 4564 232 4620 ‘Dor
257 4563 328 4618 Vors
352 4563 424 4617 stsbt
449 4563 488 4615 als
511 4580 560 4616 ron
587 4561 727 4614 Cleanthes
751 4565 809 4616 Son.
829 4578 868 4629 cp.
891 4562 946 4624 lili,
968 4565 995 4614 ll
1017 4564 1074 4632 (Ed.
1095 4564 1179 4616 llaaso
1199 4562 1247 4628 ΙΙΙ,

123 4632 186 4705 350).
256 4633 342 4689 'cia
360 4632 435 4688 fuso.
455 4632 487 4698 V,
505 4634 531 4700 o,
549 4631 590 4684 25.
662 4631 736 4699 '‘Ep.
755 4632 788 4684 ad
809 4631 879 4686 Faru.
899 4632 920 4689 l,
941 4633 979 4685 10.
