2774 4966
153 592 217 659 330
565 595 653 652 Briefe
671 598 717 653 deu
734 598 760 653 J.
781 598 855 653 1513.

161 766 296 832 Servent
318 769 422 850 superi
446 769 510 832 tuis
533 768 655 833 civibus
678 770 875 834 concordiam
899 773 930 834 et
953 793 1064 834 sanam
1085 776 1222 835 mantem
1247 774 1280 835 et

157 853 294 918 Sinones
328 855 412 918 <lomi
443 878 505 918 non
536 858 644 919 sinant
674 857 838 920 dominari.
883 858 964 933 Quid
996 857 1097 920 dicam
1121 858 1279 921 decanea

157 940 321 1004 Tilonini'?
372 940 476 1004 Mures
509 949 541 1005 et
573 965 668 1005 ranae
701 944 899 1023 confligunt.¹
945 944 1029 1006 Idem
1064 943 1159 1011 Accio
1193 945 1279 1025 quod

158 1025 269 1090 Titio.²
314 1026 424 1091 Sancti
449 1027 628 1111 philosophi
653 1050 715 1091 non
739 1036 815 1093 sunt
838 1030 983 1101 iurandi,
1008 1030 1061 1093 sed
1080 1030 1153 1093 boni
1170 1031 1280 1094 adule-

158 1118 282 1177 scentes
305 1113 384 1189 bene
408 1115 604 1177 instituendi.
651 1115 756 1177 Hnbes
775 1137 939 1180 summam.
985 1116 1030 1178 Do
1053 1121 1199 1185 monaste
1221 1138 1281 1180 nu·

156 1203 266 1281 gatore
297 1200 392 1281 probe
419 1200 552 1280 judicas.
597 1199 664 1282 Ego
688 1200 766 1263 nihil
789 1202 964 1283 superbiae,
993 1201 1071 1265 nihil
1094 1201 1280 1267 sceleratius

157 1287 276 1367 spirare
301 1291 389 1366 puto.
412 1308 506 1366 quam
539 1286 669 1349 bardum
699 1289 916 1369 superstitioni
947 1289 1118 1351 addictum.
1163 1287 1280 1352 Noster

157 1371 305 1437 Urbanus
318 1377 405 1435 totus
418 1377 465 1435 est
478 1373 619 1436 sincerus
634 1378 667 1435 et
682 1374 810 1436 minime
829 1375 953 1438 bardus.
992 1374 1107 1456 Accipe
1126 1373 1279 1438 fabulam.

157 1457 380 1540 Superioribus
404 1458 515 1520 (liebus
539 1480 614 1540 puer
637 1459 765 1540 qnidam
783 1466 909 1542 propter
924 1458 1109 1541 lllolburgk'
1127 1460 1278 1525 sacellum

158 1544 188 1607 in
213 1566 288 1625 agro
313 1547 416 1626 eoepit
438 1545 611 1617 arediticare,
637 1545 773 1625 Virginis
795 1545 895 1610 almae
923 1547 1096 1610 icunoula⁸
1118 1551 1147 1609 et
1175 1547 1279 1611 crucis

154 1630 318 1711 signaculo
354 1631 521 1693 introlatis
568 1630 619 1692 Fit
654 1653 834 1707 concursus,
869 1634 1043 1696 offeruntur
1072 1634 1180 1716 stipes,
1207 1656 1278 1696 nar-

154 1723 263 1781 rantur
296 1717 455 1781 miracula.
502 1717 605 1793 Quid?
637 1716 755 1780 diceres
778 1720 904 1780 fratrem
939 1719 1099 1783 Nicolaum
1124 1720 1157 1781 in
1181 1740 1278 1801 puero

153 1804 314 1867 revixisse.
362 1802 413 1866 Sic
437 1825 518 1866 unus
550 1825 625 1884 pum
656 1803 773 1867 multos
806 1827 897 1867 senes
932 1828 1043 1888 pueros
1077 1806 1163 1870 lacit.
1209 1805 1279 1871 Hoc

153 1888 229 1953 mihi
253 1889 335 1952 dixit
357 1895 467 1952 tonsor
491 1889 596 1963 hodie,
620 1890 692 1952 dum
718 1896 814 1971 caput
836 1914 939 1957 nieum
963 1892 1173 1974 distringeret.

308 1990 368 2047 Cod.
387 1989 452 2046 Frcl.
471 1990 529 2044 322.

154 2176 269 2249 (oona.)
675 2164 746 2230 ⁶268.
1169 2182 1278 2252 (151312)

522 2292 666 2363 Mutian
688 2313 736 2363 an
759 2293 896 2363 Urhun.

152 2422 239 2491 (Spore
261 2422 315 2490 ures
331 2422 380 2475 clun
404 2422 569 2489 „lldudlcr'rr‘
590 2423 672 2487 lulio,
692 2404 739 2477 irio
756 2425 795 2477 sr'e
814 2424 958 2477 llusordua
984 2431 1071 2477 crerint.
1106 2424 1274 2478 ,humuncio

453 2479 659 2562 ll'erl·lrer'lr'pl·cit
678 2493 734 2546 mid
751 2494 836 2546 erulam
853 2494 994 2561 h'clr'piou.)

501 2608 553 2658 Ad
571 2608 733 2659 Urbanum
751 2610 796 2660 M.
813 2609 924 2660 Rubro.

257 2718 388 2791 Deliam,
412 2720 519 2783 tlorenr
545 2720 680 2790 Veneris,
705 2720 831 2783 dearum
864 2720 1132 2793 formosissimam,
1164 2721 1191 2783 si
1218 2721 1278 2782 flos

155 2806 215 2868 dici
240 2810 345 2888 potest
368 2811 505 2869 scortum
536 2806 750 2870 foedissimum
785 2808 1076 2889 turpissimumque,
1110 2805 1278 2870 llusardns

155 2891 325 2977 puellulam
350 2893 502 2969 nominat,
526 2916 597 2956 eum
620 2894 662 2956 sit
687 2893 786 2974 major
808 2894 901 2956 annis
924 2892 1033 2956 LXX.⁴

469 2979 529 3055 Qui
554 2979 671 3042 Deliam
697 2979 868 3060 puellulam

472 3065 607 3129 blundus
629 3071 732 3140 vocat,
758 3087 820 3128 non
843 3066 957 3148 aspicit

469 3174 563 3234 rugas
587 3152 702 3215 seniles
725 3173 782 3214 nec
805 3153 916 3229 lemur,

470 3239 618 3301 cereosis⁵
644 3238 726 3300 unde
750 3238 908 3320 prominet

471 3330 503 3386 et
526 3325 599 3388 laxa
622 3324 715 3387 vulva
740 3324 885 3407 procidit.

253 3409 325 3472 Heri
349 3417 503 3473 venerunt
526 3411 663 3474 Gotham
682 3415 745 3474 tres
760 3401 986 3488 todxlannrb
1010 3430 1109 3471 norae
1125 3404 1278 3488 supersti-

155 3493 279 3559 tionis‘
325 3496 408 3558 Haec
437 3496 529 3560 belua
553 3498 617 3559 fera
645 3497 733 3561 miris
765 3497 866 3559 modis
897 3495 1039 3577 imponit,
1063 3492 1188 3576 populo.
1233 3490 1279 3554 De

151 3582 285 3645 avaritia
311 3581 429 3662 loquor.
475 3582 556 3646 Novi
578 3583 717 3659 habitus,
739 3583 812 3646 novi
836 3587 946 3663 gestus
977 3581 1162 3653 afferuntur,
1187 3578 1277 3660 qnasi

155 3667 298 3749 gestibus
321 3675 353 3730 et
377 3669 494 3732 vestitu
526 3669 648 3733 colatur
671 3669 757 3733 deus.
803 3668 933 3751 Legitur
955 3669 986 3731 in
1011 3665 1182 3728 hlcorano:
1208 3663 1278 3744 qui-

153 3776 277 3835 cunque
295 3754 388 3817 deum
412 3777 509 3818 unum
525 3757 661 3820 adorans
677 3755 811 3820 honeste
827 3756 952 3828 vixerit,
973 3755 1039 3817 sive
1055 3752 1196 3815 «Iudaeus
1212 3751 1278 3814 sive

153 3840 353 3904 Christianus
384 3841 450 3904 sive
480 3841 657 3907 Saracenos
688 3843 739 3920 sit,
771 3840 1016 3904 misericordiam
1047 3844 1079 3902 et
1101 3838 1235 3901 salntem
1259 3859 1279 3899 a

154 3927 212 3991 deo
235 3932 516 3991 consecuturum.⁰
559 3929 642 4010 Ergo
665 3928 826 3991 honested
856 3927 999 3998 vivendo,
1036 3947 1097 3988 non
1132 3923 1277 3986 habitum

225 4081 388 4133 eccuni-adn.
459 4080 657 4145 ὺλινογχλαιιόι,
727 4086 927 4146 cconseqnotur
947 4078 1019 4129 l'enr.
1090 4080 1104 4117 d
1119 4078 1234 4151 honest.

230 4153 236 4181 ¹
257 4149 305 4203 Mn
323 4150 476 4217 Beziclinng
494 4151 539 4201 aul
555 4150 625 4201 scine
640 4148 941 4216 llutraehornyornuehir.
994 4151 1004 4178 ²
1024 4148 1078 4197 ,lus
1092 4147 1137 4197 dor
1148 4145 1278 4196 dunsten-

155 4219 281 4284 spraohe:
311 4237 364 4273 nus
392 4220 450 4272 dein
479 4219 554 4271 cinon
582 4219 663 4274 recht
691 4218 724 4269 ist
752 4219 810 4270 dem
838 4218 934 4269 andern
962 4215 1043 4283 billig.
1087 4213 1203 4281 Adagion
1232 4214 1279 4265 dos

152 4286 284 4341 Erasmus.
355 4292 366 4319 ‘¹
385 4288 523 4355 lli'rhlberg
548 4288 588 4338 hei
613 4287 705 4338 (iotha.
777 4286 853 4338 ⁴Ilio
881 4285 1016 4337 rnehrlach
1043 4288 1200 4351 reispottcto
1227 4282 1278 4335 Zn-

154 4353 266 4408 hiilterin
289 4357 335 4409 des
360 4357 458 4410 letius.
505 4358 607 4409 'Ollinia
630 4357 675 4408 dat
697 4372 806 4423 rugosae
829 4355 1005 4421 llaec-idneque
1033 4353 1141 4405 Deliae«.
1170 4351 1212 4428 llr.
1236 4354 1278 4405 eu.

153 4422 303 4488 Musurdns,
329 4426 428 4479 Lchrer
451 4427 478 4478 in
502 4424 682 4493 (iomgenthul,
707 4441 760 4477 nur
779 4425 844 4476 nach
872 4424 987 4477 llutinns
1007 4422 1141 4475 l'ertlaeht
1163 4437 1206 4473 eni
1228 4420 1279 4473 Lo·

159 4492 245 4545 tinner
262 4494 324 4563 (rgl.
344 4495 386 4550 Br.
406 4496 475 4563 219).
512 4494 561 4547 Die
577 4494 634 4546 Zeit
651 4495 697 4546 des
714 4493 758 4546 Br.
782 4510 832 4545 nnr
851 4493 909 4545 eine
927 4492 1075 4564 ungeldhre.
1128 4491 1280 4554 ὅΚέρκωσις

219 4565 308 4616 nuche
332 4580 375 4618 am
396 4564 599 4618 Muttormunde.
670 4562 831 4633 ⁶Sputu'seh
858 4566 921 4615 statt
948 4576 1028 4614 nonar
1052 4560 1208 4614 (lbserruuz.
1243 4556 1280 4611 Es

231 4647 284 4685 nen
301 4633 488 4689 Franzislraner
504 4633 626 4705 gemeint.
