2774 4966
556 624 662 682 hotias
681 639 714 678 nn
736 623 834 679 Urban.
1193 624 1256 689 343

134 799 251 864 crebris
282 798 398 863 officiis
431 799 523 880 quasi
556 799 749 862 sollemniter
788 798 965 874 demereris,
1006 791 1121 861 dedisti
1154 817 1254 878 nuper

133 884 296 950 Aventini¹
321 887 481 949 aureolum
510 907 590 967 opus
616 885 755 948 Musardi
778 884 949 967 discipulis,
983 890 1093 966 captus
1120 882 1255 946 admira-

134 972 222 1035 tione
254 971 408 1035 bonitatis
441 972 534 1048 illius,
569 992 760 1053 quamquam
784 971 830 1034 vir
857 972 982 1053 sapiens
1011 971 1166 1033 utilitates
1189 989 1253 1033 uon

134 1079 253 1140 paucas
277 1057 441 1121 arbitraris
464 1062 701 1135 consecuturas,
730 1056 853 1139 obligas
876 1057 958 1120 enim
981 1055 1042 1119 tibi
1065 1059 1252 1118 assertorem

133 1144 301 1225 dignitatis
330 1144 460 1207 etmihi
495 1144 611 1226 pariter
641 1143 777 1206 amicum
806 1164 921 1207 servas.
965 1141 1045 1206 Nam
1075 1142 1121 1204 ita
1143 1140 1251 1216 donas,

131 1237 169 1294 ut
191 1230 334 1293 beneficii
358 1231 404 1293 tui
427 1231 551 1294 laudem
575 1249 696 1292 mecum
720 1229 864 1311 partiare.
908 1228 975 1310 Ego
999 1228 1180 1291 Musardum
1204 1227 1253 1292 di-

132 1317 196 1397 ligo
219 1321 255 1380 ut
278 1317 457 1380 studiosum
481 1320 511 1379 et
536 1321 679 1380 sanctum
707 1315 863 1397 juvenem.
910 1314 970 1379 Sed
995 1315 1079 1391 novi,
1108 1315 1180 1378 novi
1202 1315 1251 1378 in-

132 1424 227 1483 quam
251 1425 381 1485 pravum
400 1425 467 1466 esse
490 1409 575 1465 recto
599 1403 774 1484 proximum
793 1407 824 1465 et
840 1402 994 1465 neminem
1012 1424 1079 1464 esse
1095 1412 1159 1464 tam
1176 1421 1251 1465 con-

133 1495 281 1561 stantem,
305 1511 396 1571 quom
426 1511 486 1551 nou
505 1489 628 1551 interim
653 1489 792 1552 adulatio
817 1489 948 1569 palpans
966 1488 1110 1550 infirmet.
1142 1487 1253 1569 Diligit

132 1574 255 1637 Morum
287 1581 318 1637 et
348 1575 483 1651 betium,
520 1575 551 1637 id
585 1575 666 1655 quod
701 1574 812 1637 diebus
847 1573 1061 1656 superioribus
1095 1571 1251 1656 exposui²

134 1660 292 1742 Suspecta
308 1661 381 1724 talis
399 1660 504 1723 factio.
538 1660 563 1722 Τ
566 1683 584 1723 u
602 1681 753 1723 veronen
770 1666 869 1724 totam
887 1661 1044 1742 querelam
1061 1661 1252 1738 summatim,
1326 1679 1331 1688 ’

133 1753 169 1810 ut
193 1746 356 1823 debueras
393 1748 552 1827 accepisti,
587 1747 641 1809 sed
668 1747 853 1828 particulam
885 1747 1013 1809 minime
1046 1747 1250 1810 necessariam

132 1833 232 1896 veluti
256 1833 413 1914 pulverem
437 1835 469 1896 in
494 1832 601 1896 oculos
631 1854 716 1895 meos
739 1833 909 1915 conjecisti.
958 1831 1011 1910 ,si
1041 1829 1251 1914 Cotilingum³

132 1920 228 2000 elegit
263 1923 432 1995 astantem,
464 1917 541 1981 nihil
565 1919 595 1981 id
619 1923 651 1981 te
675 1924 808 1995 moveat,
837 1940 906 1981 cum
931 1925 963 1980 tu
989 1923 1117 2000 rogatus
1141 1919 1171 1981 id
1193 1919 1252 1982 rni-

131 2006 216 2068 nime
234 2005 390 2068 fecisses.“
410 2005 506 2080 Quasi
524 2027 596 2067 vero
614 2010 784 2068 tentassem
803 2005 947 2068 sacrificii
965 2006 1111 2085 regimen.
1136 2005 1251 2068 Notavi

130 2092 395 2173 conspirationem
420 2097 453 2154 et
475 2090 534 2153 tibi
557 2095 588 2153 et
604 2090 681 2154 mihi
705 2092 909 2173 periculosam
934 2096 966 2152 et
980 2092 1097 2155 multas
1113 2093 1251 2155 rationes

130 2178 261 2241 reddidi.
308 2177 356 2240 Tu
378 2177 417 2240 ad
441 2199 530 2240 sacra
553 2199 601 2240 me
624 2177 724 2241 trahis
747 2183 779 2241 et
794 2179 885 2259 quasi
902 2176 1039 2240 invidiae
1063 2178 1179 2241 crimen
1204 2177 1250 2241 la·

130 2268 234 2327 tenter
258 2262 335 2326 mihi
359 2263 495 2345 attingis.
540 2262 617 2327 Sum
641 2285 709 2346 ego,
732 2266 774 2328 mi
800 2263 933 2337 Urbane,
958 2268 1048 2327 extra
1070 2263 1193 2345 culpam
1217 2267 1250 2328 et

130 2371 220 2414 careo
243 2351 305 2425 (dei
328 2352 442 2431 gratia)
464 2355 500 2412 ut
522 2349 644 2413 ambitu
668 2356 700 2413 et
715 2351 895 2432 arrogantia
918 2351 963 2413 ita
980 2350 1077 2414 livore
1099 2355 1130 2414 et
1153 2350 1249 2414 male-

129 2436 275 2500 volentia.
322 2437 452 2512 Quaeris
485 2437 710 2500 testimouium.
768 2436 810 2499 Te
842 2440 956 2500 testem
984 2443 1108 2519 suopte,
1142 2441 1177 2500 tu
1200 2457 1250 2500 me

130 2523 250 2604 optime
279 2523 374 2586 nosti.
425 2521 583 2585 Meliorem
615 2522 753 2604 judicem
789 2523 875 2586 nullo
909 2527 1049 2606 tempore
1073 2523 1247 2606 requiram.

131 2609 255 2672 Damna
278 2631 337 2684 me,
362 2609 388 2671 si
412 2630 550 2691 unquam
584 2609 732 2672 invidiam
763 2611 796 2672 in
819 2632 868 2672 ms
891 2611 1018 2674 notasti.
1063 2609 1177 2672 Jndicii
1202 2615 1250 2673 est

134 2718 266 2759 censura
291 2701 399 2758 nostra
423 2696 621 2772 strationis,
655 2717 717 2758 non
742 2696 857 2758 livoris.
904 2694 938 2758 Si
962 2719 1034 2773 non,
1057 2702 1094 2759 ut
1117 2696 1249 2771 confide,

129 2783 259 2855 notasti,
275 2804 372 2862 quare
388 2781 570 2862 scripseras:
587 2804 675 2862 ,cnm
692 2786 727 2844 tu
744 2788 873 2863 rogatus
888 2782 920 2845 id
939 2784 1064 2845 minime
1082 2782 1248 2845 fecisses“?

131 2869 207 2943 lmo,
233 2868 371 2938 Urbane,
394 2866 464 2948 plus
487 2869 629 2949 praestiti
654 2869 691 2930 ad
709 2890 775 2931 earn
799 2889 861 2931 rem
883 2868 1040 2943 Musardo,
1065 2890 1158 2949 quam
1176 2869 1249 2932 dare

129 2955 231 3036 possit
255 2955 375 3018 hotius.
411 2954 537 3017 Praeter
560 2956 641 3017 onim
667 2957 783 3018 Acutas
799 2955 1037 3029 Instructiones,
1060 2955 1176 3036 quihus
1192 2956 1247 3018 ad-

128 3040 255 3105 modum
282 3039 508 3117 delectabatur,
541 3041 611 3104 dedi
635 3040 779 3103 Formam
804 3040 956 3105 Sacrificii
983 3041 1166 3121 Moguntiae
1189 3042 1247 3104 im-

128 3149 277 3211 pressam,
303 3125 444 3190 libellum
470 3127 709 3190 divinissimum.
756 3127 841 3202 Quae
864 3151 934 3193 cum
953 3129 998 3192 ita
1021 3128 1094 3204 sint,
1118 3128 1247 3192 absolve

128 3234 256 3294 quaeso,
293 3213 536 3276 clementissime
568 3218 666 3294 pater,
698 3212 876 3277 Mutianum
904 3220 1005 3293 tuum,
1038 3215 1092 3296 qui
1115 3219 1146 3278 te
1169 3214 1248 3295 bene

127 3301 230 3364 valere
253 3321 289 3363 ac
315 3299 436 3362 salvum
461 3321 528 3362 csse
553 3299 697 3362 laetatur.
746 3300 790 3362 lid
815 3299 921 3364 Nonas
944 3300 1079 3383 Augusti
1102 3299 1244 3364 MDXlll.

278 3402 339 3455 Cod.
357 3401 422 3455 Frcl.
443 3402 499 3455 198.

130 3565 248 3632 (surm.)
656 3549 726 3612 281.
1043 3569 1068 3619 s.
1087 3567 1152 3634 sug.
1173 3566 1245 3618 1513.

483 3675 626 3746 Mutian
649 3697 696 3746 an
719 3674 902 3764 Petrejus.
990 3759 995 3770 Ι

125 3804 253 3868 (Herborrl
274 3805 392 3871 srlnrm'pt
416 3808 464 3857 soil
488 3806 542 3856 rr'cr·
565 3805 695 3857 ,llouotera
740 3805 796 3857 Ilus
820 3805 899 3857 Brrre
921 3807 963 3858 dos
989 3806 1105 3872 Peneus
1129 3805 1176 3870 scir
1197 3807 1246 3859 clere

127 3873 240 3938 Oliirr'crl
262 3874 316 3925 rrill
338 3874 373 3926 M.
393 3875 558 3926 rlrrrslrsslren.
599 3874 703 3926 Tr'lnnr'rr
728 3875 799 3926 sollte
820 3874 888 3925 heinr
913 3874 1125 3927 Rechtsshulirmr
1149 3875 1246 3927 bleidcn

126 3943 183 3994 und
199 3942 254 3993 sich
274 3943 346 3994 nr'rlrt
373 3944 455 3995 (lairere
479 3945 549 3995 scine
567 3944 707 4010 oper-tiore
734 3944 934 3996 (leleln‘soml‘rr't
962 3943 1101 3996 Ir'r'rlrcrlrfrlr
1117 3945 1245 4010 irruebam.)

186 4057 311 4118 Petreio
329 4070 384 4108 suo
402 4058 635 4119 disciplinarum
653 4059 745 4109 laude
764 4058 963 4110 celeberrimo
982 4057 1036 4125 (M.
1055 4057 1176 4125 Rufus).

156 4156 158 4160 ’
231 4159 262 4223 S.
309 4159 500 4224 Stertcntem
532 4183 655 4224 menses
687 4166 822 4244 quatuor
849 4166 880 4225 et
904 4184 941 4225 ne
964 4161 1086 4225 literam
1117 4162 1242 4243 quidem

193 4331 351 4383 ¹Johannos
377 4331 511 4383 Turmaier
537 4349 585 4384 von
611 4333 761 4400 Ahensberg
787 4335 816 4395 (†
841 4335 924 4393 1534).
951 4333 1013 4388 bair.
1039 4333 1242 4401 llistoriograph.

123 4399 180 4451 Von
199 4399 287 4451 scinen
312 4400 441 4451 Schriften
464 4402 498 4452 ist
516 4402 573 4453 hier
590 4401 704 4463 gorneint
730 4403 905 4455 (irnrnrnatica
923 4404 1039 4456 omnium
1059 4403 1200 4455 utilissima
1217 4406 1244 4455 st

123 4468 283 4520 brevissima.
313 4468 379 4521 llon.
402 4471 473 4521 lr'rlz'.
492 4470 543 4522 En.
567 4473 637 4521 1513.
675 4470 738 4521 Eino
757 4488 823 4523 noue
843 4475 922 4536 husg.
941 4473 1131 4525 sciuerll'crlre
1150 4488 1242 4524 veran-

123 4536 212 4590 stnltet
230 4538 272 4589 die
291 4537 321 4588 K.
333 4537 361 4590 B.
373 4539 515 4591 Akademie
534 4540 579 4591 der·
597 4539 821 4592 Wissonschalten
840 4541 866 4592 in
884 4541 1024 4596 Miinchen.
1095 4544 1104 4574 l
1122 4541 1164 4594 Br.
1184 4540 1241 4594 278.

156 4605 391 4674 ”Spsichclloclrer
409 4609 455 4660 des
472 4608 545 4661 Cotto
567 4607 758 4676 (Sdnrmeu‘ng),
780 4609 877 4663 letius.
896 4609 955 4678 'Vgl
974 4610 1089 4665 Mutians
1107 4611 1198 4663 Worte
1215 4608 1242 4662 in

121 4673 167 4729 Br.
186 4674 250 4727 272:
268 4675 384 4728 »Ionum
403 4677 481 4746 clegit
498 4677 525 4728 in
544 4675 707 4745 μυσταγωγὸν
726 4679 741 4732 i.
761 4681 950 4732 uastantem«
