2774 4966
385 640 489 694 blutiau
507 656 541 692 an
560 637 687 694 Herbord.
724 637 829 692 blutiau
847 654 882 692 au
899 636 998 693 Urban.
1189 639 1251 704 377

131 817 185 881 sed
217 819 324 881 nostro
352 818 389 878 ut
420 813 536 878 dicitur
561 810 662 876 lllarte
689 812 934 876 emendavimus
986 811 1060 875 Vide
1084 816 1253 894 praeterea,

133 905 163 967 in
203 901 428 966 vetustissimis
471 898 705 980 exemplaribus
748 921 844 961 manu
888 899 1014 981 scriptis
1052 921 1091 960 an
1130 898 1253 962 Meuius

132 990 264 1072 legatur,
299 1009 392 1070 quam
427 986 590 1049 lectionem
631 1006 688 1066 ego
720 1005 857 1066 agnosco
894 991 926 1047 et
963 985 1069 1065 probo,
1104 1007 1145 1049 an
1179 1005 1252 1048 vero

132 1075 254 1139 Mevius
278 1082 314 1138 ut
336 1073 453 1153 vulgn'
500 1072 601 1134 Parva
629 1078 704 1134 sunt
732 1071 818 1146 baec,
846 1071 900 1134 sed
931 1071 957 1134 si
986 1076 1017 1134 te
1046 1072 1252 1135 dormientem

131 1161 328 1234 excitabunt,
366 1181 428 1223 nou
465 1179 569 1241 parva.
614 1156 748 1237 Evigila,
778 1162 814 1221 ut
835 1163 867 1220 te
891 1158 922 1219 in
950 1157 1055 1220 officio
1089 1157 1250 1222 literarum

131 1251 267 1331 turpiter
301 1268 421 1310 cessare
455 1266 492 1307 ac
526 1265 593 1306 eam
628 1244 728 1324 ipsam
765 1244 982 1318 cessationem,
1018 1245 1092 1325 quia
1125 1244 1253 1308 sedulus

132 1333 349 1417 interpellator
384 1331 510 1406 accedo,
549 1351 610 1392 uon
649 1351 718 1392 esse
756 1330 866 1411 culpae
902 1331 1055 1410 gravioris
1092 1337 1253 1413 expertem

132 1420 299 1502 intelligas
344 1418 427 1482 Vale.
473 1415 682 1498 Aequinoctio
705 1415 860 1479 autumni.

285 1537 345 1591 Cod.
365 1535 431 1589 Frcl.
451 1535 508 1589 182.

134 1761 248 1829 (oona.)
653 1742 723 1806 306.
1008 1757 1043 1823 (n.
1064 1757 1133 1826 Sept.
1155 1758 1253 1827 larsa)

504 1869 646 1940 Mutina
670 1889 717 1939 an
740 1868 879 1940 Urbuu.

135 2002 261 2069 (Petreius
288 2001 440 2054 uemrratliclr
464 2018 480 2052 n
513 1999 597 2052 ereisl.
637 2000 730 2054 Cretam
753 1999 864 2052 schreibt
888 1998 977 2065 adalp
1000 1997 1062 2050 iiber
1084 1997 1253 2051 Hartmomw

134 2070 271 2139 Κνϋηιιηρ,
292 2071 367 2124 sraecbt
384 2073 461 2123 einen
505 2069 670 2122 toslerblrrcr.
709 2068 762 2122 uilo
778 2069 824 2120 hul
841 2085 891 2121 con
910 2066 1015 2119 Pitonia
1031 2067 1147 2120 crrdlrll:
1165 2066 1253 2121 salat·

385 2138 521 2207 pesdlliper
538 2138 600 2191 Poet
617 2156 666 2191 amr
683 2138 843 2191 siltealocma
866 2135 992 2202 lisanda.)

504 2253 545 2304 Η.
563 2253 690 2304 Urbano
707 2254 749 2305 Μ.
768 2251 876 2304 Rufus.

236 2363 267 2428 S.
315 2364 391 2428 Cum
416 2388 466 2429 me
489 2367 659 2431 salutasset
681 2363 764 2429 Til0²
793 2366 894 2429 iturus
921 2363 1139 2447 Erphurdiam
1166 2361 1254 2426 nulla

135 2474 183 2514 me
208 2451 312 2533 potuit
334 2454 491 2515 matutina
514 2455 615 2516 oratio
640 2453 806 2524 retardare,
836 2451 1006 2532 quominus
1029 2450 1068 2513 ad
1091 2458 1123 2513 te
1146 2449 1250 2512 darem

134 2538 254 2620 aliquid
289 2538 457 2601 literarum.
503 2539 547 2602 De
577 2539 669 2602 domo
697 2543 729 2601 et
760 2538 883 2620 Petrejo
919 2559 1003 2600 niune
1033 2536 1109 2600 nibil
1141 2536 1252 2599 dicam.

134 2623 226 2687 Hunc
256 2625 338 2687 enim
371 2624 496 2699 abiisse,
520 2626 603 2689 illam
629 2625 687 2688 libi
711 2624 1068 2688 commendatamsatie
1095 2623 1250 2686 existimo.

100 2774 104 2781 ,
134 2708 168 2772 Si
193 2716 296 2773 lamen
323 2710 375 2773 ille
397 2711 528 2774 necdum
553 2713 642 2785 abiit,
676 2711 772 2774 dicito
801 2709 930 2774 Crotum
960 2709 1037 2772 nihil
1066 2707 1252 2792 respondere

133 2797 171 2857 de
194 2794 469 2879 Herbipolitanis.⁸
514 2797 632 2862 Scribit
655 2797 769 2862 Crotus
792 2797 983 2861 facetissime
1006 2796 1044 2860 de
1068 2795 1147 2859 festo
1164 2816 1252 2858 coro-

135 2884 273 2946 nationis
297 2884 361 2945 beri
385 2882 457 2946 sui.¹
501 2884 647 2967 Requirit
669 2885 763 2948 etiam
788 2882 1021 2947 adulescentem
1045 2882 1204 2946 literatum
1222 2885 1253 2944 et

132 2970 297 3046 musicum,
322 2970 376 3050 qui
399 2991 512 3052 pueros
538 2971 711 3035 cucullatos
744 2971 864 3034 doceat.
910 2969 1031 3051 Legite,
1060 2968 1134 3049 quid
1166 2967 1251 3042 velit,

133 3059 165 3118 et
199 3056 276 3119 offer
310 3057 499 3138 quempiam.
545 3056 610 3138 Ego
638 3057 732 3121 talem
765 3079 828 3120 non
861 3054 971 3121 habeo.
1017 3056 1082 3116 wir
1106 3057 1162 3133 hell
1184 3053 1253 3130 eide

133 3147 192 3206 etc.
238 3141 297 3205 Hic
320 3143 453 3205 dicerem
477 3143 560 3217 Vale,
585 3143 721 3222 Urbane,
737 3143 799 3206 nisi
816 3144 954 3227 spatium
977 3163 1105 3206 cessans
1122 3139 1253 3204 inferius

133 3229 283 3292 invitaret
305 3229 344 3291 ad
368 3228 575 3293 scribendum.
622 3230 704 3307 Quid
730 3230 827 3313 igitur
843 3230 978 3294 scribam
994 3228 1056 3292 nisi
1073 3228 1111 3291 de
1126 3225 1253 3310 poetis?

134 3316 193 3378 Hic
216 3313 284 3377 l‘ilo
309 3314 474 3398 descripsit
496 3317 572 3379 milri
605 3313 797 3381 Tiloninum.
843 3316 913 3380 dam
946 3315 1027 3378 novi.
1076 3315 1250 3396 „Venenum

133 3401 278 3482 tetigisse
301 3402 376 3464 time
400 3402 565 3484 fugiasque
588 3409 723 3487 poetam.
769 3401 894 3467 Servari
918 3423 979 3465 non
1005 3401 1081 3463 vult.
1128 3399 1178 3463 Sit
1200 3399 1253 3481 jus

135 3488 289 3567 liceatque
313 3488 447 3569 perirest
472 3490 581 3570 poetis.
628 3490 696 3555 Non
721 3492 842 3571 patitur
864 3488 1006 3551 Maevius
1027 3485 1250 3550 Aristarchum.

133 3573 269 3636 Tantum
309 3597 341 3636 se
379 3580 465 3637 amat
501 3580 533 3638 et
569 3599 635 3639 sua.
694 3576 757 3639 lllit
795 3576 936 3659 putidam
961 3574 1120 3645 Venerem,
1156 3572 1251 3636 etiam

134 3660 264 3723 alterius
309 3659 439 3723 mariti⁶
500 3661 611 3744 ltaque
657 3662 794 3726 scholam
830 3661 910 3744 juris
947 3682 1008 3724 uon
1047 3658 1251 3723 inhabitabit.

133 3746 260 3809 Possem
298 3746 397 3828 plura.
443 3746 504 3810 Sed
539 3747 616 3811 baec
649 3748 806 3812 indicasse
839 3751 1009 3813 contentus
1043 3767 1113 3809 sum
1146 3750 1178 3809 et
1211 3744 1252 3808 ad

135 3855 225 3896 sacra
248 3837 393 3896 revertor.
440 3832 487 3896 Tu
510 3833 591 3897 bene
613 3834 727 3898 valeas.

287 3950 347 4005 Cod.
366 3950 431 4005 Frol.
452 3951 508 4005 loo.

134 4090 336 4098 -——--———-

205 4174 212 4204 ¹
231 4173 332 4226 Uuserc
350 4177 446 4242 Ausgg.
466 4174 537 4227 loson
555 4173 682 4227 Maevius.
736 4174 833 4227 ²Puer
849 4173 970 4227 Tilouius
990 4173 1015 4227 S.
1025 4173 1076 4226 320
1085 4176 1117 4226 Α.
1127 4173 1150 4224 2.
1203 4170 1252 4224 Eiu

133 4241 239 4294 Besuch
258 4242 300 4294 boi
318 4242 352 4294 M.
372 4245 440 4295 auch
459 4243 494 4295 im
512 4243 567 4296 Juli
579 4243 702 4296 orwtihut.
721 4242 748 4297 S.
758 4244 808 4297 333
818 4246 849 4296 A.
860 4245 883 4297 5.
939 4242 1084 4309 ³Patrejus
1103 4241 1129 4293 iu
1146 4240 1252 4308 Regum,

134 4327 176 4362 am
197 4312 235 4363 lli.
255 4314 320 4379 Aug.
339 4312 410 4364 soiue
428 4311 505 4365 lteiso
524 4316 683 4373 auzutretou,
702 4313 788 4366 n’ollte
807 4311 848 4364 boi
867 4310 1053 4365 Athritheim
1065 4311 1093 4362 iu
1104 4309 1253 4378 Wiirzburg

135 4380 316 4446 vorsprechou‚
344 4381 444 4433 auden
464 4381 509 4433 ilrn
527 4381 703 4448 M.empfah1.
739 4381 858 4435 31:285.
930 4370 1029 4434 ⁴llber
1055 4380 1097 4432 dio
1125 4378 1181 4432 Zeit
1207 4379 1253 4432 der

135 4447 260 4526 Krbuuug
288 4448 337 4569 vfil.
352 4448 407 4526 'Bru
427 4450 484 4502 25⁶2.
520 4450 568 4502 Die
596 4449 762 4519 Erwiibnuug
790 4466 849 4502 rom
876 4448 997 4502 Bosucbo
1022 4448 1091 4502 Tilos
1118 4448 1171 4500 uud
1200 4463 1253 4501 rou

135 4516 260 4583 Petrepns’
280 4522 302 4569 Α
321 4534 388 4569 miso
406 4519 504 4571 wnson
521 4521 567 4572 aul
582 4520 632 4571 den
650 4522 753 4588 August
775 4519 829 4573 hin.
899 4518 1002 4572 ⁵Naoh
1026 4517 1087 4573 Hor.
1111 4519 1161 4569 Ars
1184 4521 1251 4585 poet.

124 4586 193 4642 455.
211 4586 269 4640 463.
289 4587 347 4641 lud.
417 4588 428 4619 ⁶
447 4587 505 4656 Vgl.
524 4588 566 4640 dic
583 4588 765 4657 schurutcigeu
783 4587 976 4657 Auspicluugun
995 4587 1022 4640 in
1041 4585 1081 4641 Br.
1100 4585 1158 4641 275.
