2776 5084
555 679 661 741 blutiau
677 701 713 741 au
730 684 829 742 Urbcn.
1190 676 1254 751 305
1282 698 1286 703 ·

127 854 226 927 facile
248 853 374 944 probari
402 863 516 944 potest.
561 859 654 925 Nosti
683 860 766 923 enim
796 880 899 923 mores
920 863 953 922 et
975 861 1119 921 naturam
1150 856 1257 921 amici.

134 952 177 1013 tt
197 950 266 1030 ipse
288 967 414 1030 quoque
436 948 519 1011 tueri
545 948 727 1011 institutum
758 944 844 1009 illius
877 945 936 1009 hoo
963 944 1035 1007 luco
1065 964 1199 1026 possem,
1226 943 1254 1007 si

133 1033 244 1099 vellem
269 1037 326 1096 aut
347 1032 517 1116 expediret.
563 1033 612 1097 lta
635 1054 719 1096 nunc
742 1053 809 1095 mos
832 1033 927 1113 viget.
974 1029 1137 1112 suspicari
1164 1028 1255 1093 aliter

134 1120 194 1185 fori
226 1119 373 1183 tirocinia
404 1140 466 1183 non
499 1119 581 1182 licet.
626 1118 751 1182 Nemini
782 1117 956 1199 jucundum
991 1138 1070 1192 esse,
1102 1114 1253 1179 infestum

135 1205 294 1283 omnibus,
333 1206 440 1268 omnia
477 1205 601 1268 venalia
635 1205 760 1280 babere,
794 1203 910 1279 fallere,
944 1224 1062 1286 rapere,
1095 1201 1255 1283 superbire

135 1292 294 1375 proprium
319 1296 368 1355 est
390 1291 574 1355 excellentis
596 1289 763 1369 causidici3
786 1296 824 1353 ut
845 1290 962 1353 imitari
985 1288 1064 1352 illud
1092 1287 1256 1351 luvenalis

136 1378 280 1442 videatur
319 1377 518 1441 contentiosa
554 1398 667 1440 manus
704 1376 774 1440 illa:
812 1377 920 1458 ,tude
953 1373 1073 1457 aliquid
1107 1374 1256 1438 brevibus

138 1463 250 1546 Gyaris
273 1469 304 1526 et
327 1485 448 1527 carcere
464 1463 605 1545 dignum,
622 1461 655 1527 Si
680 1463 727 1525 vis
750 1484 818 1526 esse
840 1459 1009 1545 aliquid.“¹
1055 1459 1140 1524 Nihil
1163 1465 1256 1537 esset,

138 1556 171 1613 et
199 1550 280 1631 patri
310 1555 343 1613 et
375 1549 496 1630 patriae
530 1549 735 1631 contemptui,
769 1549 832 1611 imo
865 1548 953 1611 velut
985 1549 1129 1629 ignavus,
1162 1547 1256 1622 iners,

139 1636 302 1717 inglorius,
339 1635 540 1711 intestabilis,
575 1635 601 1697 si
636 1655 704 1697 meo
740 1655 824 1697 more
856 1635 960 1712 fidem,
994 1633 1256 1709 benevolentiam,

140 1721 324 1786 modestiam
353 1726 562 1785 assectaretur
589 1724 621 1785 et
651 1720 776 1783 coleret.
820 1721 870 1784 lta
900 1719 990 1784 nihili
1012 1721 1051 1782 tit
1071 1719 1258 1801 simplicitas

140 1814 171 1871 et
199 1807 390 1871 innocentia.
435 1806 485 1871 lta
506 1806 608 1870 fastus
637 1809 669 1869 et
697 1806 866 1870 insolentia
888 1812 920 1870 et
942 1806 1127 1870 dominandi
1159 1805 1258 1869 libido

139 1893 313 1975 substrepit
341 1893 372 1955 in
401 1893 488 1955 omni
517 1893 643 1975 populo.
688 1890 853 1956 Praeterea
882 1896 990 1975 posset
1017 1892 1120 1969 nobis,
1147 1893 1173 1955 si
1201 1892 1258 1955 ob-

138 1979 325 2061 jurgaretur,
347 1979 549 2060 respondere:
580 1977 790 2060 ,Margaritus
812 2000 881 2042 sum
906 1983 937 2041 et
960 1979 1020 2041 mei
1043 1978 1142 2061 patris
1164 1977 1258 2054 lilius,

141 2065 272 2147 gloriola
294 2063 443 2141 delector,
472 2063 610 2146 politicis
633 2065 695 2127 imo
722 2064 828 2146 politis
851 2064 993 2128 vestibus
1017 2065 1132 2145 capior,
1161 2063 1259 2127 facul·

140 2156 222 2216 tates
245 2152 369 2227 desunt,
393 2171 467 2232 ergo
489 2149 709 2214 corradendae.
755 2150 910 2225 Metuant,
940 2150 1073 2225 oderint,
1106 2149 1261 2214 infament

144 2237 246 2318 alieni,
269 2237 344 2320 quid
368 2236 399 2299 id
421 2235 516 2300 refert
538 2235 617 2299 tua?
660 2233 730 2298 Nou
755 2257 818 2299 uno
841 2258 951 2299 sumus
975 2237 1159 2300 subsidere
1182 2236 1258 2299 nati.

143 2323 187 2387 An
213 2345 276 2387 non
302 2323 474 2404 ,pulchrum
499 2327 547 2385 est
570 2321 670 2404 digito
694 2323 862 2385 monstrari
879 2327 911 2385 et
927 2323 1039 2386 dicier:
1063 2322 1114 2385 lric
1137 2318 1260 2386 est‘?“²

144 2408 207 2491 Ego
230 2429 303 2472 vero
326 2415 425 2472 totam
460 2409 553 2471 istam
588 2409 826 2472 reluctationem
862 2407 1025 2472 confutare
1059 2429 1197 2490 possum,
1229 2412 1261 2470 et

143 2502 184 2570 tu,
214 2495 349 2559 Urbane.
394 2493 455 2557 Sed
491 2495 569 2558 illud
602 2495 793 2558 manticinor
827 2494 1017 2569 Herebordo,
1051 2495 1192 2559 futurum
1225 2499 1261 2557 ut

144 2583 313 2662 poeniteat.
359 2578 468 2661 Neque
491 2581 574 2643 enim
598 2580 670 2642 istis
693 2580 834 2644 moribus
861 2581 1012 2663 proficiet.
1057 2580 1145 2656 Qui·
1175 2580 1261 2661 paria

145 2667 336 2743 factitavere,
366 2666 413 2729 vel
445 2666 477 2729 in
507 2665 636 2728 exilium
660 2666 708 2729 vel
732 2666 764 2728 in
788 2669 959 2730 maximam
993 2666 1107 2729 malam
1139 2687 1261 2730 crucem

145 2761 217 2817 sunt
252 2749 342 2816 acti.³
385 2751 461 2826 Nos,
493 2773 573 2834 quae
603 2751 686 2816 bella
709 2757 839 2816 suntet
862 2751 1003 2827 honesta,
1040 2753 1127 2836 vulgi
1161 2751 1262 2834 opini-

145 2839 258 2903 onibus
281 2843 522 2918 anteponamus.
568 2837 650 2901 Vale.

297 2937 357 2991 Cod.
376 2936 441 2990 Frcl.
460 2937 519 2990 312.

148 3110 260 3179 (notua.)
668 3091 739 3156 248.
1095 3108 1158 3177 (uli
1178 3112 1263 3180 1513.)

520 3219 663 3289 Mutian
686 3239 734 3288 an
757 3218 894 3289 Urban.

148 3347 279 3414 {thclrtrjpl
297 3345 427 3399 Hcrbords
445 3348 624 3415 Annvussnnp.
660 3349 776 3417 Pelrcjns
793 3349 842 3400 soll
859 3347 968 3407 Br'e'rlmr,
992 3348 1126 3400 liosmrdrrs
1142 3350 1184 3401 ‹Ir'c
1200 3367 1265 3403 mue

149 3417 228 3484 Auso.
247 3417 291 3467 clav
312 3416 386 3484 Corp.
404 3416 464 3471 dur.
483 3434 503 3468 r.
523 3417 666 3469 Ascensum
685 3417 810 3484 lvcvnrprrr.
849 3417 902 3470 Hal
920 3417 1100 3483 Erepclnmnns
1118 3418 1198 3486 Hirta
1215 3436 1263 3471 aar·

336 3484 453 3552 peruscn,
472 3486 517 3536 der
534 3486 596 3537 nlnr
612 3486 663 3538 ruit
680 3487 725 3537 ‹lcr
742 3486 832 3554 lllonpe
848 3486 1074 3553 libcrrinstrinml.)

196 3598 380 3648 Reverendo
399 3600 432 3649 et
449 3603 589 3659 spectato
606 3601 690 3660 patri
707 3601 747 3650 Η.
765 3600 893 3651 Urbano
911 3601 1059 3661 magistro
1077 3604 1109 3651 et
1127 3613 1213 3651 oeco-

406 3697 506 3744 nomo,
524 3686 622 3735 amico
641 3685 818 3746 dignissimo
836 3686 880 3736 Μ.
897 3684 1008 3736 Bottia.

253 3792 355 3857 Salus.
400 3794 571 3859 Herebordi
605 3795 722 3859 fastum
756 3802 788 3859 et
820 3796 995 3860 nocituram
1032 3797 1136 3878 procul
1170 3796 1265 3861 dubio

148 3878 333 3960 jactantiam
358 3882 558 3962 castigamus.
603 3881 672 3946 Non
702 3887 805 3946 autem
835 3884 1022 3946 incurrerem
1047 3884 1078 3945 in
1102 3904 1171 3946 eum
1200 3905 1267 3945 ver-

153 3966 258 4029 borum
298 3966 453 4041 libertate,
493 3969 520 4030 si
554 3989 615 4031 non
655 3970 834 4031 carissimus
867 3975 899 4031 et
931 3969 1086 4051 politioris
1119 3969 1266 4032 dictionis

152 4053 311 4115 studiosus
343 4058 436 4116 esset.
483 4053 605 4135 Petrejo
641 4054 856 4118 literatissimo
890 4054 1069 4135 juventutis
1101 4059 1134 4117 et
1167 4056 1266 4118 totius

152 4138 352 4219 antiquitatis
384 4141 604 4203 amantissimo
640 4141 751 4203 damus
784 4163 851 4203 cam
887 4141 1089 4222 provinciam,
1113 4146 1149 4203 ut
1171 4140 1267 4204 libros

154 4227 285 4305 vestiget
308 4229 340 4287 et
363 4230 437 4287 ante
458 4227 565 4288 omnia
585 4226 665 4306 juris
696 4227 935 4289 fundamentum
966 4227 1087 4289 minimi
1119 4228 1267 4309 corporis,

154 4312 242 4389 quale
282 4331 379 4392 nuper
417 4313 584 4374 llscensius
622 4312 803 4393 invulgasse
840 4311 980 4376 dicitur.⁴
1040 4313 1108 4375 Non
1146 4314 1267 4389 dubito,

218 4458 232 4487 Ι

221 4516 229 4546 ¹
246 4446 341 4568 lelibu
360 4512 412 4592 Sat..
432 4513 452 4570 l,
472 4515 503 4565 ῐ3
521 4530 579 4591 ειη..
630 4515 729 4568 ²Pcrs.
748 4515 801 4568 Sat.
820 4515 840 4573 Ι,
859 4514 899 4567 28.
971 4514 1086 4569 ³lleinn
1105 4514 1202 4567 liolner
1215 4516 1268 4567 und

157 4576 285 4635 Gonosson
303 4599 350 4635 zur
367 4582 423 4634 Zovt
441 4584 487 4634 dor·
504 4584 662 4636 stlidtrsclron
687 4584 843 4636 llcrolution
869 4584 1009 4637 lr'rllll-lll.
1080 4585 1090 4615 ⁴
1107 4583 1142 4635 Es
1164 4584 1268 4636 worden

157 4650 322 4709 vonl’auzor
347 4667 417 4704 awai·
442 4651 546 4703 l'ariscr
572 4653 711 4720 Auspubon
738 4654 784 4705 dos
811 4656 886 4721 t'orp.
909 4653 960 4721 ius.
983 4651 1054 4704 unu
1068 4669 1101 4704 u.
1114 4654 1188 4703 Vols
1202 4653 1239 4701 'ru
1247 4654 1283 4701 Q.

160 4718 312 4787 augarum,
330 4720 394 4773 abor·
408 4719 482 4772 niclrt
501 4738 549 4773 von
571 4723 725 4780 Ascensum.
760 4723 823 4795 lgr.
840 4723 887 4780 ln.
904 4724 960 4777 ΨΑ
980 4726 1013 4777 lu.
1025 4723 1058 4775 ἶ.

172 4805 303 4845 macana
314 4808 342 4847 rv.
355 4809 380 4847 r.
394 4808 473 4857 sappi.
487 4811 530 4850 rx.
1050 4793 1101 4856 ab
