2774 4966
385 29 1321 301 Ι-

130 629 192 694 186
515 627 601 682 Briete
619 645 668 683 ron
689 631 866 689 rece-1511.

127 800 263 865 sentium
289 802 487 866 rationibus?
531 804 612 869 Octo
635 827 752 886 genera
779 827 950 888 poenarum
981 805 1013 868 in
1036 804 1162 886 legibus
1188 826 1262 869 esee

128 887 240 950 scribit
270 887 405 950 Tullius:
438 890 599 964 damnum,
631 891 767 966 vincula,
799 892 937 967 verbera,
969 890 1132 965 talionem,
1164 890 1260 971 ignc-

131 973 271 1047 miniam,
299 974 439 1047 exilium,
467 980 611 1049 mortem,
636 977 844 1039 servitutem.¹
892 977 1032 1051 Quo-uti
1056 977 1125 1039 vult
1147 975 1262 1039 Teme-

129 1059 230 1120 rarius
259 1058 403 1139 janitor?
455 1060 641 1123 Redinretne
679 1062 811 1144 profuga
849 1062 1003 1144 culpam*
1041 1061 1181 1124 nummis
1216 1084 1258 1124 an

131 1143 309 1206 vincietur?
353 1143 418 1206 Nec
437 1146 566 1226 reperio,
584 1168 647 1226 qno
664 1154 756 1228 pacto
774 1147 875 1228 possit
891 1147 1091 1227 impudicitia
1108 1145 1261 1221 retaliari,

130 1229 184 1291 sed
218 1235 290 1309 poet
319 1229 377 1292 hoc
407 1230 524 1293 videro.
571 1232 618 1294 ‚ln
642 1231 801 1296 auriculas
832 1232 1014 1313 amputabit
1037 1253 1077 1293 an
1102 1231 1135 1293 in
1161 1230 1260 1296 exilio

130 1313 207 1376 mori
232 1319 288 1376 aut
311 1315 426 1376 servire
448 1316 637 1397 turpitudini
670 1318 837 1380 censebit?
868 1319 959 1397 quasi
991 1316 1155 1379 moderata
1186 1337 1260 1379 cum

130 1399 247 1478 vigiliis
271 1399 376 1461 inedia
399 1401 635 1481 precationibus
659 1404 817 1483 virgarum
849 1403 1002 1465 correctio
1026 1422 1088 1464 non
1112 1401 1156 1463 sit
1177 1401 1261 1466 saris

129 1485 168 1545 ad
192 1483 372 1546 diluendam
398 1486 509 1548 labem.
556 1486 650 1549 Dolor
674 1488 829 1569 puerperii
854 1509 1024 1569 poenarum
1043 1487 1259 1550 estmaxima.

129 1570 214 1644 Quot
248 1575 409 1631 matronae
446 1572 593 1634 abortum
631 1573 744 1634 enixae
778 1573 888 1635 statim
922 1572 1161 1635 exanimantur!
1218 1570 1262 1635 Et

129 1654 221 1716 credo
242 1654 307 1732 jam
331 1655 471 1718 miserab
495 1657 623 1718 clamat:
651 1657 753 1738 „June
773 1657 904 1735 Lucina,
928 1656 1108 1739 seropem.“
1150 1656 1262 1719 Hiero·

132 1760 245 1819 nymus
268 1740 361 1802 trium
395 1743 559 1804 criminum
594 1764 663 1805 reas
696 1742 856 1822 eleganter
889 1765 958 1806 esse
991 1743 1091 1806 tradit
1124 1740 1262 1806 feminas

128 1825 327 1899 christianae,
358 1847 439 1906 quae
470 1816 661 1909 ἐκιρώματα
687 1828 717 1890 h.
742 1851 767 1890 e.
797 1829 945 1892 abortum
975 1827 1171 1891 meditantur
1203 1848 1262 1890 seu

129 1908 319 1984 abortivum,
344 1918 376 1973 et
398 1913 578 1993 frequenter
601 1915 688 1995 ipsae
713 1935 782 1976 cum
808 1914 921 1976 abortu
945 1915 1135 1976 moriuntur.
1174 1910 1262 1977 Sunt

128 1996 223 2072 enim,
259 1997 372 2077 iuquit,
409 1999 593 2074 lromicidae,
617 1999 666 2061 sui
690 1999 808 2062 Christi
831 1998 993 2062 adulterae
1025 1999 1158 2062 necdum
1190 1997 1261 2061 uati

127 2082 183 2144 tilii
219 2083 400 2164 parricidae.
455 2082 564 2146 Cicero
596 2085 625 2146 iu
658 2084 802 2147 oratione
832 2105 887 2165 pro
919 2084 1076 2160 Cluentio,
1107 2081 1193 2165 quod
1227 2083 1259 2147 iu

130 2167 220 2230 libris
245 2168 445 2250 Digestorum
470 2168 564 2231 titulo
591 2169 655 2249 ,lle
672 2169 800 2250 poenis“
827 2171 996 2251 repetitum
1020 2173 1078 2244 est,
1101 2167 1259 2232 Milesiam

128 2255 288 2336 quandam
323 2255 369 2316 ait
402 2255 445 2316 rei
484 2253 630 2336 capitalis
667 2277 735 2318 esse
773 2256 966 2332 damnatam,
1005 2255 1089 2335 qnod
1127 2256 1262 2336 accepta

128 2341 262 2423 pecunia
297 2345 420 2422 partum
455 2340 515 2402 sibi
546 2340 614 2422 ipsa
644 2341 883 2404 medicamentis
913 2336 1099 2421 abegisset.²
1144 2338 1260 2403 Verum

130 2448 223 2489 nemo
246 2432 337 2507 coget
361 2426 494 2488 amicam
519 2431 617 2495 tuam,
651 2425 787 2498 Urbane,
811 2431 997 2508 conceptum
1023 2448 1041 2487 a
1064 2447 1097 2487 se
1119 2424 1260 2506 abigere.

105 2511 277 2575 -Solvatur
300 2512 394 2574 vulva
418 2512 450 2574 in
476 2512 603 2574 nomine
625 2512 924 2582 sanctaelunonis
969 2511 1045 2574 Mox
1074 2511 1262 2592 imploretur

128 2598 201 2660 diva
232 2596 365 2673 Cunina,
399 2619 481 2677 quae
512 2598 649 2659 infantes
679 2601 788 2660 tuetur
811 2598 842 2660 in
867 2597 967 2660 cuuis.
1015 2596 1130 2660 adsint
1162 2596 1261 2658 etiam

129 2682 310 2760 Statilinus,
336 2681 501 2753 StatauuS,
525 2682 710 2754 Fabulinus,
736 2683 921 2764 llagitanus,
938 2681 1115 2755 Pilumnus,
1131 2681 1261 2745 Picum-

129 2791 199 2841 nus,
224 2768 361 2845 lnevaua,
377 2769 526 2842 Rumina,
543 2768 684 2843 Ednlica,
703 2768 818 2832 Potina
834 2777 866 2830 et
881 2767 994 2830 Carne.
1034 2767 1118 2830 Dent
1134 2767 1260 2830 veniam

130 2866 326 2935 puerperae⁰
361 2861 498 2936 quatuor
533 2853 604 2916 illae
637 2854 755 2936 primae
794 2853 934 2916 Vestales
957 2876 977 2915 a
998 2851 1103 2915 Numa
1141 2851 1262 2914 electae

128 2940 281 3022 Gegania,
300 2939 442 3016 lterenia,
467 2939 622 3014 Camillia,
647 2938 788 3020 Tarpeja.
834 2938 992 3001 Inclusam
1017 2938 1147 3001 Danaen
1163 2937 1261 3000 turris

128 3025 248 3088 alreuea
272 3024 512 3106 robustaequed
537 3024 619 3087 fores
643 3030 675 3088 et
697 3025 827 3106 vigilum
850 3046 963 3086 cauum
982 3024 1089 3086 tristes
1105 3022 1262 3086 excubiae

129 3111 310 3173 munierant
344 3112 423 3173 satis
457 3111 622 3173 nocturnis
659 3109 700 3172 ab
737 3107 902 3185 adulteris,
941 3109 968 3170 si
1003 3130 1066 3171 non
1103 3108 1261 3171 Acrisium

131 3196 264 3276 virginis
281 3195 410 3258 abditae
426 3196 588 3258 custodem
606 3195 755 3277 pavidum
772 3194 918 3277 luppiter
934 3202 965 3257 et
982 3193 1087 3257 Venus
1102 3193 1259 3256 risissent

128 3282 231 3356 Quare
254 3281 340 3343 nulla
369 3282 498 3363 prodest
529 3282 673 3343 custodia
701 3282 800 3343 severi
831 3280 1013 3361 praepositi,
1044 3279 1203 3359 quamvis,
1226 3284 1262 3341 ut

130 3367 236 3447 inquit
251 3366 416 3444 Vergilius,
437 3366 648 3446 „vestibulum
665 3370 739 3428 ante
756 3366 858 3446 ipsum
877 3364 1048 3446 primisque
1064 3365 1096 3425 in
1113 3364 1261 3426 faucibus

129 3451 201 3514 Orci
226 3452 345 3514 Luctus
375 3456 407 3512 et
437 3452 565 3514 ultrices
597 3473 727 3532 posuere
762 3450 879 3512 cubilia
911 3446 1059 3512 Curae.“⁸
1104 3448 1262 3511 Praeterit

130 3537 212 3599 enim
248 3538 389 3600 curiosus
424 3543 547 3599 amator
581 3537 674 3598 aedes
709 3535 857 3615 janitoris
894 3556 1017 3615 semper
1054 3533 1197 3613 lugentis
1230 3538 1261 3597 et

129 3623 258 3684 assidua
282 3644 356 3685 cura
380 3623 513 3701 primrrm
539 3622 662 3683 aditrrrn
686 3621 897 3683 observantis.
940 3618 1064 3694 Quibus
1080 3619 1263 3700 praeteritis

129 3708 273 3789 subrepit
298 3729 350 3787 per
373 3707 564 3788 posticulum
579 3707 674 3788 juxta
690 3706 784 3768 illud:
812 3706 922 3785 „Atria
940 3710 1118 3767 servantem
1136 3703 1261 3785 postico

129 3792 203 3855 lalle
227 3791 423 3855 clientem.“‘
456 3791 520 3854 Sed
543 3813 694 3871 quorsum
718 3791 822 3853 haec‘?
851 3789 892 3853 Ut
908 3791 1058 3872 aperirem
1083 3788 1143 3851 tibi
1167 3789 1262 3862 viam,

131 3899 224 3958 quam
261 3884 296 3940 tu
332 3878 443 3940 melius
478 3877 562 3939 nosti
597 3898 691 3956 quam
731 3898 800 3955 ego,
834 3873 863 3936 h.
900 3898 925 3937 e.
961 3884 997 3937 ut
1032 3873 1263 3937 consolationis

130 3963 268 4025 remedio
291 3984 383 4042 opem
415 3963 536 4024 ferrem.
584 3960 787 4024 Recreaberis
818 3960 901 4023 enim
925 3983 944 4022 a
967 3979 1118 4033 maerore,
1142 3958 1170 4021 si
1195 3979 1263 4039 per·

131 4049 272 4130 spexeris
295 4048 405 4110 abesse
429 4049 563 4128 rigorem
588 4047 712 4127 antiqui
732 4046 812 4126 juris
837 4045 1002 4126 pontificii,
1026 4044 1057 4106 iu
1081 4064 1145 4123 quo
1178 4043 1263 4124 lege·

132 4135 242 4196 batur:
276 4134 453 4213 „Incestum
485 4133 653 4213 pontifices
687 4153 833 4212 supremo
868 4129 1023 4211 supplicio
1056 4126 1260 4193 sanciunto.“

132 4219 237 4282 Etiam
268 4219 352 4299 leges
382 4220 429 4281 uti
457 4217 601 4281 homiues
634 4221 805 4281 senescunt
827 4220 860 4279 et
882 4215 1087 4278 emoriuntur.
1135 4212 1263 4279 Testem

200 4435 214 4463 ⁸
229 4438 348 4488 poenum,
368 4439 412 4472 run
439 4420 530 4473 Itoude
549 4436 597 4470 ron
614 4419 741 4471 (lersclbmr
768 4418 848 4470 Haud
874 4416 1010 4468 rerlreeeert
1028 4415 1060 4466 iu
1077 4413 1195 4481 culpam.

131 4493 145 4530 b
160 4489 257 4542 irrisere
275 4507 319 4542 orn
340 4489 432 4541 lr'nrnlc
449 4507 498 4540 reu
516 4487 644 4540 rlerscllren
663 4487 751 4539 Hurnl.
822 4501 985 4552 cpuerpuro.
1055 4482 1254 4559 arenosaque.

203 4558 355 4611 ¹llessolbe
373 4558 444 4610 ditat
459 4558 487 4609 in
505 4557 549 4610 Βι·Ι
571 4557 628 4621 124,
645 4554 672 4610 S.
693 4558 749 4608 1235.
803 4554 883 4607 ²Cio.
903 4570 948 4621 pro
967 4551 1067 4606 Cluent.
1089 4553 1130 4603 ll.
1161 4550 1265 4619 Drgeet

131 4624 318 4696 XXXXVIH,
337 4628 378 4694 19,
396 4626 437 4681 39.
491 4625 596 4693 ³llerg¹
616 4627 680 4678 Aen.
700 4623 746 4692 vl,
767 4623 817 4677 273
835 4638 873 4692 sq.
927 4622 937 4654 ⁴
954 4620 1016 4674 Hor.
1034 4618 1082 4689 Ep.
1099 4618 1122 4688 l,
1141 4620 1167 4687 5,
1187 4619 1231 4675 31.
