2774 4966
556 582 658 664 lintion
678 627 711 664 an
731 600 830 664 tithan.
1216 599 1253 677 til

128 792 160 849 et.
182 788 211 849 si
234 788 282 849 uir
304 792 363 860 est,
387 785 571 848 auctoribus
605 786 677 861 iliis,
708 786 826 868 quibus
860 784 1008 848 damnum
1037 784 1257 869 jacturamque

129 894 222 954 qnam
247 873 323 937 tecit
346 873 450 938 dehet.
474 873 608 952 gratiam
641 875 752 954 opinor
776 894 838 935 non
865 871 977 934 bonam
1009 871 1181 952 aliqnando
1209 895 1257 935 re-

129 960 215 1022 feret.
262 958 381 1042 Scripsi
409 958 448 1021 ad
477 959 676 1039 &palatinum
710 968 851 1022 nostrum
881 957 919 1019 de
942 959 1062 1021 novitio
1093 959 1256 1033 canonico,

130 1068 219 1128 quem
246 1067 305 1126 ego
330 1044 578 1128 Spinturnitinm
602 1046 768 1128 appellari.
815 1044 882 1107 l'idi
909 1045 1080 1127 pappantis
1108 1044 1256 1125 diploma,

131 1133 299 1195 attrectari
325 1139 432 1194 uotam
458 1131 628 1194 bifrontem
652 1140 683 1194 et
707 1131 885 1211 plumbeam
910 1152 979 1192 cnm
1004 1130 1124 1193 canohe
1140 1131 1256 1214 depon-

131 1219 211 1291 doln,
237 1218 404 1280 observavi
428 1222 491 1280 tres
514 1217 646 1296 glandes
668 1219 728 1280 sub
753 1217 909 1280 minutula
936 1237 1036 1279 cruce.
1082 1215 1255 1282 Confestim

132 1305 321 1386 suspicabar.
350 1303 433 1386 quod
458 1304 581 1384 pudicis
609 1304 739 1366 auribus
770 1303 965 1366 dicendum⁸
995 1324 1056 1366 non
1089 1308 1146 1365 ost.
1195 1304 1257 1368 hut

133 1392 211 1453 enirn
238 1392 267 1454 id
293 1391 425 1472 ipsumb
448 1389 622 1453 obscoenas
645 1391 744 1453 virilis
768 1389 898 1453 membri
923 1389 1054 1470 glandes
1077 1390 1256 1470 significare

134 1476 252 1539 ridetur
276 1483 330 1540 aut
355 1477 404 1538 avi
428 1498 484 1537 sen
508 1477 613 1557 patrui
636 1477 700 1539 divi
724 1474 835 1539 Sintic
863 1475 1069 1558 glandiferam
1095 1497 1254 1556 quercum,

135 1563 187 1624 boc
209 1574 257 1625 est.
287 1564 425 1642 insignia
453 1563 577 1643 patroni
614 1563 771 1644 qnondam
807 1565 864 1625 sni.
911 1561 1079 1644 Utcunque
1111 1563 1165 1640 sit,
1198 1586 1256 1627 nos

138 1648 234 1712 salin
260 1651 365 1730 parvis
390 1650 485 1711 etiarn
510 1647 603 1711 rebus
627 1648 673 1710 vel
697 1648 938 1712 admirabilibus
962 1669 1091 1728 sagaces
1111 1670 1180 1711 esse
1202 1672 1258 1715 vo·

137 1734 243 1805 lomus,
268 1757 306 1798 ne
330 1735 438 1798 credas
462 1735 586 1797 inanem
612 1756 711 1797 meam
736 1735 997 1798 oscitationem.‘¹
1042 1734 1123 1797 l'ale.

284 1835 344 1889 i'od.
365 1834 431 1888 Frct.
450 1835 490 1887 21.

142 2024 247 2093 (Gotho.)
669 2010 720 2073 ὑῖ).
1069 2023 1150 2092 (hlitrz
1170 2023 1256 2092 1506.)

495 2135 637 2205 Mutius
662 2156 708 2205 an
734 2135 886 2205 Urbnn.¹

139 2262 193 2317 (Len
208 2265 317 2317 aaroni.
355 2265 523 2332 Sclreralrafte
541 2265 718 2333 Betrurlrtnnp
735 2265 798 2317 viiber
809 2265 858 2317 dus
871 2264 975 2317 hhsten.
1003 2263 1053 2315 ine
1063 2265 1082 2313 3
1091 2262 1258 2315 ‹lninh‘ehnr

359 2333 558 2402 Hurrptstr'r'clre:
581 2334 661 2389 (felini.
680 2333 786 2389 hasten.
806 2333 1024 2400 Almosmrpebcn.)

211 2447 401 2498 Honorando
419 2448 459 2499 Η.
478 2449 605 2499 Urbano
622 2449 769 2499 facundia
785 2449 901 2510 insigni
918 2460 973 2498 suo
992 2449 1036 2497 Μ.
1052 2446 1163 2498 Ruiirs.

235 2559 364 2625 Summe
381 2561 468 2637 deus,
485 2582 603 2642 quaeso
620 2571 660 2637 te,
677 2566 714 2624 nt
730 2563 783 2625 des
799 2562 933 2625 salutern
949 2560 1099 2623 Bernardi
1116 2565 1255 2623 assecta-

138 2646 259 2709 toribus.
309 2648 421 2710 leonis
445 2646 612 2711 Sermones
635 2649 744 2712 multis
768 2649 805 2711 dc
828 2648 932 2711 eurisis
949 2644 1101 2710 renritt0.²
1142 2646 1252 2710 Verum

137 2739 264 2812 quatuor
287 2734 470 2815 potissimae
487 2739 575 2796 sunt:
600 2739 636 2797 ut
651 2734 744 2797 fidem
763 2735 968 2817 promissione
985 2734 1148 2797 astrictam
1170 2735 1253 2814 apud
1308 2812 1311 2819 Ι

136 2822 163 2880 te
183 2819 354 2882 dissolvam
378 2827 409 2883 et
431 2820 523 2884 simul
554 2826 590 2884 nt
620 2823 794 2903 praesentis
824 2821 936 2902 jejunii
964 2828 996 2883 et
1026 2825 1098 2901 post
1132 2822 1254 2883 venturi

136 2903 260 2968 natalis³
294 2906 402 2969 laudes
433 2906 564 2988 legendo
598 2906 729 2989 colligas
764 2907 944 2988 habeasque
977 2905 1124 2969 solatium
1163 2905 1256 2988 hujus

135 2997 250 3056 restrae
274 2991 467 3074 frugalitatis
490 2998 522 3056 et
545 2994 668 3057 sobriae
692 2995 911 3075 parsimoniae.
959 2992 1149 3056 Praedicant
1172 2995 1253 3056 eninr

133 3077 159 3139 in
183 3086 320 3160 quatuor
342 3081 417 3142 anni
440 3085 582 3161 tempora
614 3082 733 3162 partita
764 3079 898 3161 jejunia:
933 3079 1084 3156 brumale,
1115 3101 1254 3153 vernnrn,

131 3167 294 3241 aestivum,
318 3165 511 3229 autumnale.
552 3167 634 3228 llaec
650 3166 725 3229 olim
740 3166 868 3247 judaica
885 3168 978 3229 iners
1019 3165 1111 3228 Nunc
1127 3173 1256 3228 auctore

131 3248 255 3313 l'rbann
289 3250 374 3314 facta
404 3257 479 3315 sunt
510 3252 691 3315 christiana.
740 3253 817 3315 Nam
849 3253 908 3314 sub
943 3251 1070 3314 Urbano
1106 3253 1256 3332 pontifice

130 3358 256 3401 romano
272 3345 343 3401 orta
362 3339 555 3415 coaluerunt,
568 3341 626 3402 etsi
643 3340 696 3402 alii
715 3339 814 3401 velint
831 3339 983 3402 Calistum
1002 3360 1069 3399 esso
1085 3339 1254 3400 auctorem.

130 3422 215 3486 lleus
239 3425 367 3487 animus
390 3445 505 3505 anceps
527 3425 676 3497 trahitur,
701 3430 898 3488 utrorersum
923 3425 1062 3486 inclinet.
1110 3422 1183 3487 Sive
1206 3446 1256 3487 nr-

129 3508 228 3573 banus
260 3512 328 3577 sire
358 3512 496 3574 rusticus
532 3513 680 3579 institnit.
714 3514 873 3593 sapienter
906 3511 1067 3573 coirsnluit.
1100 3510 1256 3573 hnmanae

127 3597 217 3659 ritae.
266 3597 408 3660 Pertinet
432 3598 514 3660 enini
542 3598 621 3659 haec·
640 3599 799 3660 sobrietas
815 3598 853 3659 ad
871 3620 992 3660 morum
1010 3597 1149 3676 regulam
1168 3603 1199 3659 et
1215 3599 1253 3660 ad

126 3682 238 3745 salutis
261 3685 427 3760 rationem,
451 3684 526 3764 quia
550 3675 662 3746 melius
693 3685 833 3746 valemus
862 3685 1058 3746 abstinentes
1082 3706 1100 3745 a
1124 3687 1200 3765 potu
1225 3691 1257 3745 et.

131 3769 202 3832 cibo
227 3776 257 3832 et
281 3771 440 3833 acutiores
462 3793 571 3834 sunnis
593 3778 659 3833 tum
685 3772 714 3832 in
741 3771 880 3833 consiliis
904 3771 1017 3832 dandis
1033 3777 1099 3832 tum
1119 3771 1149 3832 in
1167 3770 1255 3832 luen-

125 3855 327 3920 brationibns
355 3856 558 3920 honestarum
582 3857 710 3920 artium.
759 3857 823 3919 lloc
846 3858 1062 3938 experimento
1079 3856 1183 3919 didici.
1222 3858 1255 3919 ld

125 3944 257 4026 ipsunt
283 3943 345 4006 Leo
374 3943 470 4006 latius
500 3943 668 4006 enarrabit.
715 3942 795 4023 Ego,
820 3949 855 4006 nt
878 3943 1037 4024 parilisper
1065 3944 1147 4005 inter
1176 3945 1257 4006 seria

124 4029 219 4110 jocor.
237 4029 308 4093 dico
326 4052 453 4092 calisam
467 4029 630 4111 jejunandi
648 4051 715 4091 esee
732 4030 905 4091 avaritiam.
923 4029 936 4067 ‘¹
981 4029 1059 4091 Nam
1085 4028 1253 4105 frumenta,

129 4117 247 4188 sinum.
271 4116 474 4196 gallinaceos,
493 4139 620 4178 ansmes
643 4117 758 4196 pagani
782 4115 985 4177 absumerent
1008 4116 1151 4196 nihilque
1168 4138 1255 4197 pirae—

124 4207 248 4266 starent
280 4204 387 4267 irrasis
418 4202 534 4265 Christi
569 4203 733 4276 militibus,
758 4203 817 4263 nisi
843 4201 990 4280 religioso
1025 4211 1257 4266 macerarentur

193 4443 339 4496 *dandum
360 4442 433 4497 Terra.
504 4440 655 4510 b'idipsurn.
726 4441 837 4508 cSyrti.
908 4441 1009 4492 dirisi.
1029 4442 1056 4495 ti.

198 4516 206 4545 ¹
223 4510 279 4566 rur
295 4512 387 4565 diesen
404 4511 446 4565 Br.
469 4512 623 4565 wiederholt
640 4511 696 4563 sich
715 4511 758 4563 dio
776 4509 986 4563 Codoxnunnnor
1004 4510 1045 4573 52,
1058 4511 1106 4563 init
1125 4512 1171 4563 der
1188 4509 1256 4562 auch

125 4597 224 4637 nmero
242 4580 289 4636 Νι.
308 4581 342 4635 ΐ2
360 4581 515 4635 bezeichnot
536 4582 576 4633 ist.
649 4580 710 4633 ²i1.
731 4579 817 4632 wollte
835 4595 873 4631 sie
891 4580 973 4632 sehon
990 4580 1026 4630 im
1046 4579 1106 4633 Doz.
1129 4580 1193 4633 luth]
1212 4595 1257 4629 zn-

125 4651 318 4706 n'iokschichco
337 4649 391 4720 (Br.
409 4652 461 4719 ia).
534 4650 613 4704 ”Leo
632 4652 671 4703 ll.
691 4649 771 4716 Apn'l.
