2774 4966
416 13 1385 307 Π

612 129 619 151 t

165 618 227 684 392
580 619 668 675 naara
687 619 732 674 aa
751 619 775 675 J.
796 619 869 676 ms.
956 603 964 615 '

165 858 283 928 (uonna.)
685 842 756 907 321.
1064 861 1106 913 14.
1123 859 1193 916 uov.
1213 862 1288 916 1513.

540 971 685 1041 lllntian
707 989 755 1040 sn
777 969 915 1042 Urban.

165 1099 256 1180 (Klopt
278 1100 341 1152 ether
365 1101 406 1153 die
432 1100 551 1153 Tlrorlrer't
574 1101 617 1153 des
647 1101 712 1154 Com
760 1118 793 1153 us
816 1101 874 1153 und
895 1100 1023 1163 ledius,
1046 1100 1088 1153 die
1111 1117 1206 1153 ausam
1230 1100 1289 1153 dene

191 1169 319 1222 Hilarius
338 1186 392 1222 nur
408 1169 491 1238 wcnrg
508 1170 698 1238 anapreclrcndc
761 1187 776 1222 r
793 1171 908 1223 meriture
925 1170 1027 1222 Brtclm
1042 1169 1148 1238 gelascit
1164 1169 1265 1235 haben.)

219 1285 259 1335 11.
277 1285 404 1334 Urbano
422 1286 570 1345 magistro
588 1287 620 1334 in
639 1287 722 1335 omni
739 1298 852 1346 genere
870 1286 1073 1335 humanitatis
1090 1284 1237 1345 perfecto,

309 1372 407 1421 amico
425 1384 516 1430 quam
534 1372 761 1431 religiosissime
779 1372 955 1422 venerando
975 1373 1017 1421 Μ.
1035 1371 1144 1420 Rufus.

270 1481 301 1544 S.
348 1479 382 1544 Si
416 1481 463 1544 vel
499 1483 654 1545 sociorum
689 1481 737 1545 vel
771 1483 942 1545 amicorum
977 1482 1057 1544 male
1092 1486 1183 1562 gesta
1217 1502 1289 1562 pro·

167 1568 288 1631 curatio
320 1588 382 1630 non
415 1571 521 1650 potest
544 1589 606 1630 non
631 1570 718 1648 gravi
752 1568 858 1631 dolore
891 1566 1081 1631 confundere
1116 1567 1288 1644 dominum,

168 1653 244 1733 quia
276 1658 389 1716 natura
419 1661 633 1736 comparatum
666 1660 723 1728 est,
748 1658 783 1717 ut
808 1653 1015 1728 incommoda,
1051 1675 1131 1734 quae
1167 1657 1290 1735 praeter

168 1739 334 1803 consilium
359 1740 648 1822 cogitationemque
664 1740 822 1817 accidunt,
841 1740 949 1803 odiosa
966 1740 1031 1802 sint
1047 1747 1077 1802 et
1095 1739 1287 1803 conturbent

167 1825 262 1889 etiam
292 1827 456 1889 remissum
483 1848 519 1889 ac
549 1827 649 1890 lenem
680 1827 837 1890 animum:
874 1826 1050 1906 Campegus
1087 1827 1233 1890 nimirum
1257 1829 1290 1889 et

167 1910 327 1974 Rhoedus'
353 1912 393 1975 ob
417 1912 513 1976 stulte
544 1912 662 1976 facturn
685 1916 717 1975 et
740 1913 820 1976 male
851 1912 949 1975 lectos
977 1916 1161 1993 emptosque
1190 1911 1288 1976 libros

166 2000 388 2080 tempestatem
425 2005 457 2062 et
492 2000 607 2062 fluctus
644 2000 880 2062 exsuscitatum
918 1997 1154 2079 'tranquillitati
1188 2020 1286 2062 meae.

167 2081 247 2147 Nam
271 2083 362 2161 alter,
385 2086 433 2148 uti
456 2085 576 2165 scribis,
600 2084 623 2146 V
646 2106 767 2161 aureae,
791 2085 871 2148 alter
893 2085 933 2147 IV
955 2085 1070 2157 amisit,
1090 2084 1165 2166 quid
1182 2084 1287 2148 dicam

167 2169 297 2234 amisit?
326 2171 389 2234 imo
412 2170 528 2252 abjecit
550 2170 582 2235 in
606 2171 753 2234 cloacam.
798 2170 907 2253 Neque
937 2172 1021 2234 enim
1053 2171 1180 2234 lectioni
1213 2193 1289 2234 con·

167 2256 290 2320 soluere
321 2279 422 2340 neque
455 2257 569 2321 studiis
602 2257 745 2338 proluere
781 2279 881 2340 neque
917 2257 995 2320 bene
1025 2256 1177 2321 danobis
1213 2260 1290 2322 sunt

167 2342 280 2407 meriti.
326 2342 500 2407 Numerent
521 2345 574 2407 alii
598 2344 777 2407 Paroemias
800 2344 882 2407 inter
912 2364 1006 2425 opera
1039 2340 1289 2425 probatissima.²

168 2426 296 2510 Eligant
317 2430 472 2512 periodos
496 2434 662 2508 commata,
679 2431 854 2494 sententias
870 2453 909 2493 ex
926 2430 1133 2511 scriptoribus
1149 2431 1288 2512 optimis

168 2513 246 2578 Mihi
278 2516 337 2579 etsi
370 2517 519 2580 Erasmus
542 2521 579 2580 ut
601 2517 727 2599 elegans
755 2522 787 2580 et
817 2516 953 2580 disertus
987 2522 1096 2580 auctor
1131 2539 1192 2581 non
1228 2517 1287 2580 irn-

168 2600 329 2683 probatur,
360 2624 396 2665 eo
427 2607 531 2666 tamen
568 2603 672 2667 minus
702 2602 778 2666 facit
807 2603 847 2666 ad
877 2601 1086 2680 stomachum,
1120 2603 1206 2685 quod
1240 2601 1287 2666 vel

168 2686 367 2751 mediocriter
403 2689 547 2752 literatus
585 2710 750 2772 excerpere
783 2690 875 2752 flores
907 2695 939 2752 et
971 2711 1019 2752 res
1053 2691 1158 2752 varias
1191 2693 1287 2772 atque

169 2773 316 2855 disjectas
340 2774 506 2856 diligenter·
527 2776 659 2857 legendo
675 2777 825 2857 consequi
842 2781 874 2838 et
890 2774 992 2839 titulis
1008 2775 1161 2857 subjicere
1177 2777 1287 2857 possit.

168 2858 315 2923 lustinus
338 2868 442 2925 autem
467 2860 603 2942 Trogum
634 2862 817 2944 Pompejum
850 2862 924 2925 dum
954 2866 1119 2925 attenuare
1153 2868 1287 2926 conatur

138 2983 143 2987 ·
170 2950 201 3009 et
229 2968 354 3028 gravem
389 2948 476 3011 illum
508 2971 545 3011 ae
575 2948 735 3029 copiosum
770 2948 955 3011 historicum
988 2950 1136 3022 minuere,
1160 2952 1286 3029 gratum

169 3031 304 3096 fortasse
339 3033 412 3097 lecit
445 3034 598 3108 delicatia.
628 3035 682 3115 qni
709 3036 763 3098 vix
787 3033 921 3098 olfacere
955 3034 1078 3098 soleant
1112 3034 1285 3098 historiam.

169 3117 218 3182 Ita
246 3118 493 3184 fastidiosissimi
523 3125 597 3184 sunt
628 3120 722 3202 hujus
751 3121 820 3183 aevi
854 3121 995 3184 lectores.
1043 3119 1182 3185 Curiosis
1216 3142 1288 3184 vero

172 3208 204 3267 et
235 3205 336 3268 doctis
370 3207 475 3269 neseio
509 3207 583 3289 quid
624 3213 745 3288 praeter
782 3207 924 3269 umbram
960 3212 992 3270 et
1027 3207 1156 3272 frivolas
1192 3212 1288 3289 atque

170 3290 340 3355 illiberales
363 3294 559 3356 narrat-iones
583 3294 783 3375 praestiterit.
832 3294 874 3356 l)e
891 3293 1041 3375 Epistolis
1059 3291 1288 3357 Ciceronianis⁸

170 3377 281 3440 melius
309 3383 357 3442 est
386 3384 489 3442 tacere
516 3401 609 3460 quarn
641 3401 781 3460 promere
808 3379 972 3459 judicium,
1000 3403 1070 3443 cum
1102 3380 1193 3443 hodie
1224 3381 1289 3443 sint

172 3485 234 3526 non
259 3466 361 3544 pauci,
384 3466 438 3546 qui
461 3464 555 3528 Plinii
579 3466 720 3529 durioris
743 3465 893 3546 epistolas
914 3489 975 3527 non
999 3466 1176 3529 titubanter
1199 3487 1288 3547 prae·

170 3549 285 3623 dicent.
320 3574 381 3615 non
417 3553 633 3615 inconstanter
670 3552 821 3614 aemulari
857 3557 999 3632 pergant,
1036 3553 1227 3615 admirantes
1256 3552 1287 3615 in

171 3634 231 3698 hoc
254 3635 356 3700 Plinio
382 3638 566 3701 brevitatem
592 3640 755 3716 integram,
780 3660 954 3701 sermonem
971 3638 1150 3713 candidum,
1168 3639 1287 3701 cultum

171 3722 343 3802 simplicem
368 3730 400 3786 et
422 3725 512 3806 quasi
536 3725 673 3787 Atticam
705 3723 917 3787 munditiem.⁸
962 3725 1043 3800 Quid
1072 3725 1168 3806 igitur
1196 3723 1288 3786 Carn-

170 3828 270 3888 pegus
302 3810 404 3873 emit?
447 3810 555 3891 Nugas
588 3812 671 3873 emit.
724 3810 850 3872 Praeter
884 3810 965 3872 enirn
1000 3810 1152 3873 Hilarium
1191 3810 1289 3873 hilare

172 3914 272 3974 nuper
306 3895 486 3977 exceptum¹
519 3895 607 3974 nihil,
635 3896 718 3976 quod
748 3894 880 3978 placeat,
913 3897 1038 3978 delegit.
1096 3896 1198 3959 Miror.
1234 3918 1290 3958 cur

171 3978 324 4044 barbarus
346 3982 473 4044 institor
496 3982 584 4044 abuti
613 3982 715 4044 aliona
746 3982 878 4064 pecunia
908 3983 967 4044 sibi
998 3983 1181 4063 permiserit,
1211 3981 1290 4045 nihil

171 4087 248 4128 sane
279 4068 396 4130 veritus
430 4069 558 4130 tacitam
592 4073 730 4130 nostram
764 4068 957 4130 aversionem
991 4074 1022 4129 et
1053 4067 1189 4131 futuram
1215 4089 1291 4131 con-

171 4153 387 4234 temptionem.
436 4153 581 4217 Rhoedus
605 4152 795 4216 Cortesium'⁵
818 4155 948 4216 invenit.
995 4154 1164 4236 ananta
1193 4176 1292 4234 nego-

246 4392 253 4421 ¹
272 4379 344 4442 'Uber
361 4391 436 4443 bcide
454 4407 473 4443 s.
493 4391 520 4442 in
538 4390 580 4442 Bu.
599 4393 656 4444 319.
710 4393 719 4422 ²
738 4391 786 4443 Ilio
804 4391 919 4459 Adagion
938 4393 984 4443 dos
1002 4391 1133 4448 Erasmus.
1160 4391 1186 4441 in
1205 4390 1290 4442 vielen

173 4459 270 4526 Ausgg.
289 4475 309 4511 s.
330 4461 402 4512 1500.
422 4461 445 4511 ⁴2.
465 4462 544 4527 doeg.
567 4460 633 4513 l'en.
655 4459 727 4512 1508.
762 4459 877 4512 Illutians
900 4459 983 4512 llrtoil
1008 4460 1041 4512 ist
1064 4460 1292 4511 hemerlrenswert.

172 4525 207 4579 Er
224 4527 341 4595 sehiiplto
359 4544 406 4580 aus
425 4530 474 4597 don
492 4532 608 4581 Antoren
626 4529 713 4582 solbet.
768 4529 932 4595 3alnsgalron
955 4528 1017 4582 llor.
1038 4529 1112 4586 1510.
1130 4528 1194 4582 Vcn.
1216 4528 1291 4581 1512.

170 4593 243 4651 Taur.
264 4598 337 4649 1:313.
409 4597 582 4651 ⁴Alrnliches
600 4597 685 4650 Urteil
703 4597 729 4649 in
747 4597 790 4650 Br.
811 4597 866 4650 123.
938 4600 947 4629 ⁵
966 4597 1075 4651 »Hilaris
1100 4597 1230 4652 Hilarium
1249 4613 1293 4651 ac·

170 4665 247 4733 cepi«
281 4665 323 4720 Br.
343 4666 400 4720 314.
470 4666 601 4722 ⁰Pindus
620 4666 758 4723 Certemus.
796 4666 964 4737 vg1.s.301
984 4667 1058 4723 ue.
