2774 4966
536 648 642 709 blutian
662 670 697 708 an
715 651 844 708 Harbord.
1194 653 1255 722 159

123 817 240 892 scribis
265 821 589 909 „singularissimus“,
603 835 617 862 ⁸
643 823 799 904 „primus“
826 844 881 903 pro
908 822 1041 904 ,prior“,
1058 829 1091 888 et
1105 830 1209 891 cetera
1225 828 1257 890 id

124 911 253 996 genus?
297 910 413 991 Negari
431 931 494 971 non
512 913 627 989 potest,
645 910 721 988 quin
740 909 908 989 plurimum
926 910 1050 991 possint
1066 911 1096 974 in
1114 913 1258 992 degenda

126 1001 195 1061 vita
232 1017 392 1058 sermones
431 1016 491 1056 usu
530 995 665 1074 protriti.
725 994 791 1057 lllis
836 994 1008 1070 hortamur,
1054 996 1257 1076 deterremuS,

127 1089 292 1148 movemus
323 1080 372 1142 vel
402 1080 499 1142 risum
525 1079 571 1141 rel
594 1079 803 1141 stomachum.
851 1079 922 1142 Cito
957 1082 1115 1159 dicuntur,
1150 1084 1257 1146 subito

126 1171 308 1251 penetrant,
332 1166 386 1227 diu
411 1165 560 1227 memoria
584 1170 742 1227 tenentur.
789 1164 897 1244 anue
922 1166 1022 1245 magis
1046 1167 1166 1248 pollent
1185 1189 1257 1249 pro-

126 1252 248 1327 verbia,
278 1272 361 1332 quae
392 1249 560 1311 vernacula
590 1253 676 1327 sunt,
706 1271 800 1330 quarn
832 1249 886 1311 illa
917 1253 1090 1331 peregrina,
1124 1252 1258 1317 collecta

126 1359 228 1420 quum
258 1336 298 1398 ab
329 1335 401 1397 aliis
430 1340 500 1396 tum
531 1334 571 1396 ab
602 1334 743 1396 Erasmo
800 1334 911 1415 ltaque
944 1335 1065 1398 Bebelii
1100 1338 1256 1401 dictorum

126 1419 380 1487 memorabilium
406 1421 650 1482 commentarios
681 1420 852 1500 aliquando
880 1422 1036 1483 maturius
1065 1430 1256 1505 comparato.

129 1508 216 1573 Novi
241 1527 298 1585 ego
317 1505 567 1586 jucundissimos
588 1504 677 1584 jocos
695 1506 810 1585 passim
836 1505 867 1566 in
893 1507 1046 1568 conviviis
1063 1508 1258 1572 observatos.

128 1593 219 1670 Quos
243 1594 268 1653 si
291 1590 387 1666 voles,
411 1589 512 1651 literis
536 1589 704 1652 mandabo.
751 1589 843 1652 Nunc
865 1590 1072 1655 subministro
1089 1594 1150 1656 tria
1166 1597 1258 1674 quasi

127 1677 346 1762 praecursoria
369 1675 492 1756 pocula.
646 1727 653 1735 .

237 1759 470 1834 Sebastianus,¹
506 1760 553 1822 vir
588 1760 729 1840 alioquin
767 1760 1009 1837 sincerissimus,
1041 1761 1072 1823 in
1100 1762 1163 1824 illis
1193 1763 1267 1824 suis

127 1847 279 1931 gloriosis
301 1845 519 1920 concionibus,
543 1846 659 1925 quibus
677 1844 904 1925 jactanticulus
921 1845 1074 1909 clamator
1096 1869 1129 1909 se
1152 1851 1260 1910 osten·

127 1938 191 2008 tat,
217 1930 338 1994 invadit
361 1938 460 2012 atque
484 1937 579 1994 vexat
603 1933 761 2011 poeticum
789 1931 940 2008 ordinem,
969 1932 1104 1994 subinde
1131 1954 1260 1997 causam

127 2017 308 2101 postulans,
340 2038 396 2078 cur
427 2013 588 2079 Christum
620 2016 731 2078 lovem
755 2015 974 2096 appellemus?
1018 2016 1127 2081 Nescit
1153 2016 1260 2098 „Jovis

127 2103 242 2168 omnia
264 2101 374 2184 plena⁴¹
401 2100 464 2163 dici
487 2123 505 2163 a
528 2099 689 2181 Vergdio‘.
736 2099 816 2175 Quid
840 2102 925 2181 quod
949 2101 1026 2164 deus
1048 2102 1134 2165 aliud
1164 2103 1261 2166 habet

130 2190 219 2252 inter
243 2186 371 2268 angelos
395 2185 535 2249 nomen?
580 2187 660 2262 Quid
682 2186 766 2266 quod
785 2187 911 2248 nomine
929 2208 992 2249 non
1009 2192 1080 2268 eget
1097 2194 1133 2250 ut
1149 2190 1261 2251 unicus

127 2280 264 2338 auctore
286 2270 476 2334 Lactantio?
521 2270 603 2346 Quid
634 2272 761 2351 quoda
784 2271 946 2334 nonnullis
974 2273 1146 2349 balneator,
1175 2274 1261 2354 quod

128 2359 230 2442 pedes
263 2357 340 2420 lavit
372 2377 513 2432 suorum,
546 2356 587 2418 ab
621 2357 764 2438 antiquis
797 2358 906 2419 asinus
940 2357 1145 2421 claudicans?
1198 2357 1261 2422 Sed

128 2445 244 2509 absint
278 2442 501 2523 blasphemiae.
548 2441 680 2505 Desinat
713 2442 808 2505 etiarn
841 2442 894 2504 ille
923 2432 1022 2515 καλός
1049 2441 1100 2504 καὶ
1132 2431 1262 2524 ἁγαθός

127 2529 206 2594 lovi
241 2528 436 2591 maledicere.
490 2526 544 2589 Vel
577 2527 695 2591 multos
730 2527 805 2590 olim
840 2527 937 2590 loves
971 2527 1068 2591 fuisse
1101 2551 1138 2591 ac
1170 2550 1262 2610 porro

130 2614 285 2678 crrutimb
306 2611 393 2694 loqui
417 2612 528 2675 discat.

239 2697 407 2762 Celebrata
440 2700 473 2759 et
505 2696 665 2779 popularis
701 2701 750 2760 est
782 2699 955 2760 sententia:
991 2699 1171 2759 debendum
1205 2701 1264 2758 erin

130 2785 240 2864 roura.
284 2783 508 2864 Interpretatio
532 2781 662 2862 hujusce
685 2782 762 2844 dicti
785 2782 848 2845 late
870 2786 968 2864 patet.
1010 2783 1174 2846 lllonemur
1189 2789 1264 2845 ante

132 2871 254 2944 omnia,
281 2875 318 2932 ut
339 2868 481 2948 linguam
517 2888 726 2943 coerceamus,
762 2868 862 2930 multa
895 2867 1142 2950 complectamur
1176 2869 1264 2949 cogi·

134 2955 269 3030 tatione,
304 2974 405 3035 pauca
434 2953 610 3033 loquamur.
658 2953 797 3014 Vivimus
834 2955 916 3015 inter
950 2950 1149 3034 Corycaeos,³
1183 2954 1266 3016 inter

137 3037 267 3102 Clodios
296 3044 328 3103 et
359 3038 513 3102 Catilinas
536 3043 569 3100 et
592 3039 699 3101 idiotis
732 3038 870 3101 ludibrio
904 3061 1022 3101 sumus.
1068 3038 1156 3101 Nihil
1190 3061 1264 3120 ergo

138 3124 267 3187 tutius⁰
288 3145 382 3206 quam
406 3129 519 3186 tacere.

242 3208 406 3274 Postremo
429 3214 610 3272 convertam
635 3209 665 3270 in
690 3209 822 3269 latinam
848 3209 1018 3290 puritatem
1044 3209 1164 3271 dictum
1187 3209 1264 3271 illud

146 3297 300 3358 recensiri
324 3293 504 3376 superbiam
531 3293 666 3356 Venetae
689 3292 937 3372 expeditionis:⁴

364 3376 418 3463 {q
443 3379 524 3452 glridr
547 3381 608 3437 bain
632 3381 689 3450 aad)
712 3382 759 3437 brt
781 3376 893 3455 germen
917 3398 1023 3452 qraanq,

363 3469 407 3526 aa
429 3464 555 3536 ebainnt
578 3465 630 3534 sirtr
655 3465 714 3539 trud)
738 3470 788 3522 nno
813 3474 879 3524 rotat
901 3466 943 3523 nit
966 3469 1038 3536 lano.

247 3549 326 3613 Nota
342 3555 392 3614 est
407 3550 485 3623 avis,
498 3569 580 3628 quae
593 3547 787 3610 cantillando
805 3548 953 3628 assurgit,
971 3548 1092 3622 nititur,
1109 3551 1267 3629 ascendit;

161 3630 207 3692 ubi
225 3657 258 3697 ex
281 3656 405 3700 summo
426 3641 527 3697 terras
550 3635 738 3714 despexerit,
763 3655 855 3714 aegre
879 3633 1035 3710 consistit,
1059 3634 1123 3697 cito
1139 3634 1266 3698 decidit.

163 3711 295 3785 Sienori
325 3723 389 3784 fere
420 3719 638 3802 superbientes
672 3740 733 3781 non
764 3719 819 3781 diu
850 3719 1010 3781 laetantur
1042 3720 1129 3781 inani
1161 3721 1266 3783 titulo.

165 3795 267 3868 Praene
285 3808 438 3887 gestiunt,
455 3806 546 3885 quasi
564 3827 625 3866 non
644 3805 739 3867 etiam
756 3806 865 3868 asinus
889 3805 1017 3887 pistoris
1039 3805 1268 3870 anteambulet.

167 3879 256 3953 Verum
287 3893 415 3956 inflatos
449 3897 536 3953 utres
569 3896 601 3952 et
631 3912 701 3952 vere
737 3911 840 3952 moros
875 3891 905 3951 in
944 3892 1123 3970 praesentia
1155 3892 1268 3954 missos

167 3964 305 4040 faciamus.
349 3977 407 4041 Est
438 3977 522 4040 enim
556 3976 721 4058 prudentis
745 3982 776 4037 et
799 3976 883 4038 docti
914 3976 972 4038 viri
995 3976 1104 4038 cedere
1137 3978 1270 4057 grunni·

169 4058 273 4124 entibus
297 4064 409 4144 porcis,
434 4085 474 4126 ne
497 4061 588 4124 foeda
605 4083 663 4123 nos
679 4063 870 4141 contagione
886 4061 1049 4123 obliment.
1089 4061 1270 4142 Spatiemur

146 4165 346 4191 Ox—

222 4229 399 4299 ⁸singulariss
469 4233 574 4283 bcaute
594 4230 666 4282 Tana.
738 4235 804 4281 cest
820 4229 878 4296 [ital
898 4228 964 4280 Terra
981 4228 1073 4281 laima.

188 4356 192 4366 ,
224 4296 377 4353 ¹Sebastian
400 4299 560 4351 Weinmaau
578 4315 626 4352 aus
644 4298 765 4361 Oschatz,
786 4299 909 4364 Prodiger
925 4299 952 4349 in
971 4297 1057 4350 Erturt
1075 4298 1129 4349 und
1147 4298 1271 4350 tromrnor·

169 4352 248 4418 lisura
261 4384 341 4437 gagen
359 4367 402 4420 die
420 4367 591 4420 heiduischen
610 4367 715 4420 Poeten.
752 4367 888 4432 Erhard,
908 4367 1066 4419 Gesohichte
1084 4367 1131 4419 des
1149 4365 1269 4417 Wieder-

73 4496 78 4503 ,
167 4429 304 4489 malorena
321 4436 586 4489 wissenschaftlicher
604 4436 718 4504 Bildung
735 4436 782 4499 ΙΙΙ,
795 4436 939 4488 462-466.
975 4435 1115 4502 Krauso,
1127 4434 1156 4486 E.
1169 4433 1270 4486 Hessus

165 4492 231 4563 W.
280 4503 360 4558 ’Est
379 4502 427 4563 Ill.
445 4505 486 4559 60.
541 4505 711 4558 ³Soera'uber
729 4521 789 4556 vom
808 4503 967 4571 Vorgobirge
992 4503 1105 4571 Corycos
1123 4503 1148 4553 in
1167 4502 1268 4555 Jouien.

165 4565 227 4624 ‘llic
246 4572 404 4627 Venetiauer
427 4589 514 4626 waren
533 4589 577 4626 am
598 4575 636 4627 14.
656 4572 708 4625 Mai
730 4574 795 4625 1509
814 4589 865 4624 ron
883 4573 933 4623 deu
957 4571 1104 4625 Francosen
1124 4571 1163 4622 bei
1182 4573 1270 4638 Agna-

159 4632 217 4694 dua
231 4640 386 4712 geseblngen
402 4640 515 4695 women
