<?xml version="1.0" encoding="UTF-8"?>
<!DOCTYPE html PUBLIC "-//W3C//DTD XHTML 1.0 Transitional//EN"
    "http://www.w3.org/TR/xhtml1/DTD/xhtml1-transitional.dtd">
<html xmlns="http://www.w3.org/1999/xhtml" xml:lang="en" lang="en">
 <head>
  <title>
</title>
<meta http-equiv="Content-Type" content="text/html;charset=utf-8" />
  <meta name='ocr-system' content='tesseract 3.04.00' />
  <meta name='ocr-capabilities' content='ocr_page ocr_carea ocr_par ocr_line ocrx_word'/>
</head>
<body>
  <div class='ocr_page' id='page_1' title='image "./derbriefwechsel00kraugoog_0606.png"; bbox 0 0 2774 4966; ppageno 0'>
   <div class='ocr_carea' id='block_1_1' title="bbox 515 614 1261 685">
    <p class='ocr_par' dir='ltr' id='par_1_1' title="bbox 515 614 1261 685">
     <span class='ocr_line' id='line_1_1' title="bbox 515 614 1261 685; baseline 0.025 -18"><span class='ocrx_word' id='word_1_1' title='bbox 515 614 619 667; x_wconf 75' lang='lat' dir='ltr'>blutian</span> <span class='ocrx_word' id='word_1_2' title='bbox 637 631 670 668; x_wconf 90' lang='lat' dir='ltr'>au</span> <span class='ocrx_word' id='word_1_3' title='bbox 691 616 871 670; x_wconf 85' lang='lat' dir='ltr'>Sunthausen.</span> <span class='ocrx_word' id='word_1_4' title='bbox 1196 620 1261 685; x_wconf 79' lang='lat'>519</span> 
     </span>
    </p>
   </div>
   <div class='ocr_carea' id='block_1_2' title="bbox 123 782 1262 4186">
    <p class='ocr_par' dir='ltr' id='par_1_2' title="bbox 123 782 1262 4186">
     <span class='ocr_line' id='line_1_2' title="bbox 126 782 1260 868; baseline 0.006 -24"><span class='ocrx_word' id='word_1_5' title='bbox 126 782 206 846; x_wconf 90' lang='lat' dir='ltr'>Nam</span> <span class='ocrx_word' id='word_1_6' title='bbox 234 783 327 847; x_wconf 88' lang='lat' dir='ltr'>hodie</span> <span class='ocrx_word' id='word_1_7' title='bbox 350 789 515 849; x_wconf 84' lang='lat' dir='ltr'>matronae</span> <span class='ocrx_word' id='word_1_8' title='bbox 538 787 685 849; x_wconf 87' lang='lat' dir='ltr'>convictu</span> <span class='ocrx_word' id='word_1_9' title='bbox 714 785 957 868; x_wconf 73' lang='lat' dir='ltr'><strong>apparatissimo</strong></span> <span class='ocrx_word' id='word_1_10' title='bbox 989 804 1096 848; x_wconf 89' lang='lat' dir='ltr'>servos</span> <span class='ocrx_word' id='word_1_11' title='bbox 1125 786 1260 867; x_wconf 85' lang='lat' dir='ltr'>accipia-</span> 
     </span>
     <span class='ocr_line' id='line_1_3' title="bbox 128 866 1261 947; baseline 0.004 -17"><span class='ocrx_word' id='word_1_12' title='bbox 128 867 217 930; x_wconf 84' lang='lat' dir='ltr'><strong>bant.</strong></span> <span class='ocrx_word' id='word_1_13' title='bbox 264 866 399 932; x_wconf 82' lang='lat' dir='ltr'>Causam</span> <span class='ocrx_word' id='word_1_14' title='bbox 434 871 538 933; x_wconf 81' lang='lat' dir='ltr'><strong>reddit</strong></span> <span class='ocrx_word' id='word_1_15' title='bbox 572 870 776 947; x_wconf 86' lang='lat' dir='ltr'>Maerobius,¹</span> <span class='ocrx_word' id='word_1_16' title='bbox 809 875 845 933; x_wconf 91' lang='lat' dir='ltr'>ut</span> <span class='ocrx_word' id='word_1_17' title='bbox 875 868 1023 933; x_wconf 88' lang='lat' dir='ltr'>videlicet</span> <span class='ocrx_word' id='word_1_18' title='bbox 1056 868 1150 933; x_wconf 90' lang='lat' dir='ltr'>initio</span> <span class='ocrx_word' id='word_1_19' title='bbox 1183 872 1261 935; x_wconf 88' lang='lat' dir='ltr'>anni</span> 
     </span>
     <span class='ocr_line' id='line_1_4' title="bbox 128 953 1260 1037; baseline 0.004 -21"><span class='ocrx_word' id='word_1_20' title='bbox 128 953 316 1032; x_wconf 86' lang='lat' dir='ltr'>(eratenim</span> <span class='ocrx_word' id='word_1_21' title='bbox 341 953 476 1018; x_wconf 87' lang='lat' dir='ltr'>Martius</span> <span class='ocrx_word' id='word_1_22' title='bbox 507 956 627 1037; x_wconf 88' lang='lat' dir='ltr'>primus</span> <span class='ocrx_word' id='word_1_23' title='bbox 658 956 775 1019; x_wconf 86' lang='lat' dir='ltr'><strong>mensis</strong></span> <span class='ocrx_word' id='word_1_24' title='bbox 807 954 890 1037; x_wconf 91' lang='lat' dir='ltr'>apud</span> <span class='ocrx_word' id='word_1_25' title='bbox 926 953 1061 1030; x_wconf 83' lang='lat' dir='ltr'>veteres)</span> <span class='ocrx_word' id='word_1_26' title='bbox 1095 959 1260 1020; x_wconf 88' lang='lat' dir='ltr'>matronae</span> 
     </span>
     <span class='ocr_line' id='line_1_5' title="bbox 128 1037 1260 1122; baseline 0.004 -21"><span class='ocrx_word' id='word_1_27' title='bbox 128 1037 284 1101; x_wconf 87' lang='lat' dir='ltr'>beneficio</span> <span class='ocrx_word' id='word_1_28' title='bbox 308 1043 339 1102; x_wconf 94' lang='lat' dir='ltr'>et</span> <span class='ocrx_word' id='word_1_29' title='bbox 363 1040 511 1122; x_wconf 90' lang='lat' dir='ltr'>largitate</span> <span class='ocrx_word' id='word_1_30' title='bbox 540 1062 648 1105; x_wconf 84' lang='lat' dir='ltr'>servos</span> <span class='ocrx_word' id='word_1_31' title='bbox 670 1040 732 1104; x_wconf 86' lang='lat' dir='ltr'>sibi</span> <span class='ocrx_word' id='word_1_32' title='bbox 756 1043 788 1104; x_wconf 93' lang='lat' dir='ltr'>in</span> <span class='ocrx_word' id='word_1_33' title='bbox 811 1060 930 1103; x_wconf 89' lang='lat' dir='ltr'>annum</span> <span class='ocrx_word' id='word_1_34' title='bbox 962 1042 1144 1103; x_wconf 89' lang='lat' dir='ltr'>secuturum</span> <span class='ocrx_word' id='word_1_35' title='bbox 1178 1039 1260 1105; x_wconf 93' lang='lat' dir='ltr'>obli·</span> 
     </span>
     <span class='ocr_line' id='line_1_6' title="bbox 126 1123 1261 1207; baseline 0.004 -22"><span class='ocrx_word' id='word_1_36' title='bbox 126 1127 240 1203; x_wconf 88' lang='lat' dir='ltr'>garent</span> <span class='ocrx_word' id='word_1_37' title='bbox 263 1123 483 1206; x_wconf 81' lang='lat' dir='ltr'>haberentque</span> <span class='ocrx_word' id='word_1_38' title='bbox 506 1126 821 1207; x_wconf 86' lang='lat' dir='ltr'>obsequentissimus.</span> <span class='ocrx_word' id='word_1_39' title='bbox 867 1126 941 1188; x_wconf 88' lang='lat' dir='ltr'>ldeo</span> <span class='ocrx_word' id='word_1_40' title='bbox 958 1125 1108 1187; x_wconf 89' lang='lat' dir='ltr'>dicuntur</span> <span class='ocrx_word' id='word_1_41' title='bbox 1123 1145 1142 1186; x_wconf 92' lang='lat' dir='ltr'>a</span> <span class='ocrx_word' id='word_1_42' title='bbox 1157 1126 1261 1206; x_wconf 83' lang='lat' dir='ltr'>poetis</span> 
     </span>
     <span class='ocr_line' id='line_1_7' title="bbox 127 1207 1259 1293; baseline 0.004 -23"><span class='ocrx_word' id='word_1_43' title='bbox 127 1207 286 1272; x_wconf 88' lang='lat' dir='ltr'>Calendae</span> <span class='ocrx_word' id='word_1_44' title='bbox 310 1208 474 1274; x_wconf 83' lang='lat' dir='ltr'>femineae.</span> <span class='ocrx_word' id='word_1_45' title='bbox 521 1211 591 1274; x_wconf 90' lang='lat' dir='ltr'>Huc</span> <span class='ocrx_word' id='word_1_46' title='bbox 613 1213 708 1274; x_wconf 89' lang='lat' dir='ltr'>etiarn</span> <span class='ocrx_word' id='word_1_47' title='bbox 732 1212 880 1293; x_wconf 83' lang='lat' dir='ltr'>pertinet,</span> <span class='ocrx_word' id='word_1_48' title='bbox 911 1210 997 1292; x_wconf 93' lang='lat' dir='ltr'>quod</span> <span class='ocrx_word' id='word_1_49' title='bbox 1024 1208 1136 1273; x_wconf 83' lang='lat' dir='ltr'>scribit</span> <span class='ocrx_word' id='word_1_50' title='bbox 1163 1209 1259 1290; x_wconf 88' lang='lat' dir='ltr'>juris-</span> 
     </span>
     <span class='ocr_line' id='line_1_8' title="bbox 129 1292 1261 1376; baseline 0.001 -18"><span class='ocrx_word' id='word_1_51' title='bbox 129 1293 297 1358; x_wconf 80' lang='lat' dir='ltr'><strong>consultus</strong></span> <span class='ocrx_word' id='word_1_52' title='bbox 322 1301 429 1359; x_wconf 85' lang='lat' dir='ltr'>noster</span> <span class='ocrx_word' id='word_1_53' title='bbox 451 1296 533 1359; x_wconf 91' lang='lat' dir='ltr'>libro</span> <span class='ocrx_word' id='word_1_54' title='bbox 555 1295 605 1359; x_wconf 86' lang='lat' dir='ltr'>lv.</span> <span class='ocrx_word' id='word_1_55' title='bbox 630 1302 663 1359; x_wconf 90' lang='lat' dir='ltr'>et</span> <span class='ocrx_word' id='word_1_56' title='bbox 683 1296 751 1358; x_wconf 84' lang='lat' dir='ltr'>XX.</span> <span class='ocrx_word' id='word_1_57' title='bbox 777 1296 987 1376; x_wconf 87' lang='lat' dir='ltr'>digestorum:</span> <span class='ocrx_word' id='word_1_58' title='bbox 1019 1292 1073 1376; x_wconf 82' lang='lat' dir='ltr'>,si</span> <span class='ocrx_word' id='word_1_59' title='bbox 1097 1295 1145 1357; x_wconf 88' lang='lat' dir='ltr'>vir</span> <span class='ocrx_word' id='word_1_60' title='bbox 1168 1296 1261 1360; x_wconf 84' lang='lat' dir='ltr'>uxori</span> 
     </span>
     <span class='ocr_line' id='line_1_9' title="bbox 125 1378 1261 1445; baseline 0.003 -4"><span class='ocrx_word' id='word_1_61' title='bbox 125 1400 242 1442; x_wconf 88' lang='lat' dir='ltr'>munus</span> <span class='ocrx_word' id='word_1_62' title='bbox 277 1379 482 1444; x_wconf 88' lang='lat' dir='ltr'>immodicum</span> <span class='ocrx_word' id='word_1_63' title='bbox 505 1382 537 1443; x_wconf 92' lang='lat' dir='ltr'>in</span> <span class='ocrx_word' id='word_1_64' title='bbox 564 1380 712 1445; x_wconf 85' lang='lat' dir='ltr'>Calendis</span> <span class='ocrx_word' id='word_1_65' title='bbox 745 1380 869 1444; x_wconf 89' lang='lat' dir='ltr'>Martiis</span> <span class='ocrx_word' id='word_1_66' title='bbox 901 1384 957 1443; x_wconf 88' lang='lat' dir='ltr'>aut</span> <span class='ocrx_word' id='word_1_67' title='bbox 991 1378 1090 1442; x_wconf 90' lang='lat' dir='ltr'>natali</span> <span class='ocrx_word' id='word_1_68' title='bbox 1123 1378 1173 1442; x_wconf 92' lang='lat' dir='ltr'>die</span> <span class='ocrx_word' id='word_1_69' title='bbox 1207 1380 1261 1444; x_wconf 90' lang='lat' dir='ltr'>de-</span> 
     </span>
     <span class='ocr_line' id='line_1_10' title="bbox 126 1462 1261 1548; baseline 0.004 -22"><span class='ocrx_word' id='word_1_70' title='bbox 126 1462 274 1526; x_wconf 82' lang='lat' dir='ltr'>disset.“²</span> <span class='ocrx_word' id='word_1_71' title='bbox 321 1465 425 1541; x_wconf 86' lang='lat' dir='ltr'>Vides,</span> <span class='ocrx_word' id='word_1_72' title='bbox 450 1468 568 1548; x_wconf 85' lang='lat' dir='ltr'>optime</span> <span class='ocrx_word' id='word_1_73' title='bbox 592 1465 768 1539; x_wconf 72' lang='lat' dir='ltr'>valentine,</span> <span class='ocrx_word' id='word_1_74' title='bbox 801 1465 895 1546; x_wconf 91' lang='lat' dir='ltr'>hujus</span> <span class='ocrx_word' id='word_1_75' title='bbox 923 1464 1060 1546; x_wconf 74' lang='lat' dir='ltr'>inclytae</span> <span class='ocrx_word' id='word_1_76' title='bbox 1088 1463 1261 1529; x_wconf 79' lang='lat' dir='ltr'>hilaritatis</span> 
     </span>
     <span class='ocr_line' id='line_1_11' title="bbox 124 1548 1262 1632; baseline 0.002 -21"><span class='ocrx_word' id='word_1_77' title='bbox 124 1550 292 1611; x_wconf 86' lang='lat' dir='ltr'>rationem.</span> <span class='ocrx_word' id='word_1_78' title='bbox 339 1550 441 1625; x_wconf 85' lang='lat' dir='ltr'>Quam</span> <span class='ocrx_word' id='word_1_79' title='bbox 465 1552 527 1614; x_wconf 91' lang='lat' dir='ltr'>nisi</span> <span class='ocrx_word' id='word_1_80' title='bbox 551 1550 704 1614; x_wconf 88' lang='lat' dir='ltr'>esuriales</span> <span class='ocrx_word' id='word_1_81' title='bbox 727 1551 823 1614; x_wconf 89' lang='lat' dir='ltr'>feriae</span> <span class='ocrx_word' id='word_1_82' title='bbox 846 1555 878 1613; x_wconf 93' lang='lat' dir='ltr'>et</span> <span class='ocrx_word' id='word_1_83' title='bbox 901 1548 1120 1630; x_wconf 75' lang='lat' dir='ltr'>theologorum</span> <span class='ocrx_word' id='word_1_84' title='bbox 1152 1571 1262 1632; x_wconf 91' lang='lat' dir='ltr'>super·</span> 
     </span>
     <span class='ocr_line' id='line_1_12' title="bbox 125 1633 1262 1711; baseline 0.004 -16"><span class='ocrx_word' id='word_1_85' title='bbox 125 1633 233 1696; x_wconf 90' lang='lat' dir='ltr'>cilium</span> <span class='ocrx_word' id='word_1_86' title='bbox 267 1633 486 1711; x_wconf 85' lang='lat' dir='ltr'>obliterarent,</span> <span class='ocrx_word' id='word_1_87' title='bbox 523 1636 630 1699; x_wconf 92' lang='lat' dir='ltr'>mariti</span> <span class='ocrx_word' id='word_1_88' title='bbox 653 1645 685 1698; x_wconf 88' lang='lat' dir='ltr'>et</span> <span class='ocrx_word' id='word_1_89' title='bbox 708 1658 823 1700; x_wconf 86' lang='lat' dir='ltr'>uxores</span> <span class='ocrx_word' id='word_1_90' title='bbox 856 1654 987 1698; x_wconf 91' lang='lat' dir='ltr'>romano</span> <span class='ocrx_word' id='word_1_91' title='bbox 1021 1634 1086 1697; x_wconf 90' lang='lat' dir='ltr'>ritu</span> <span class='ocrx_word' id='word_1_92' title='bbox 1121 1633 1262 1699; x_wconf 86' lang='lat' dir='ltr'>colerent</span> 
     </span>
     <span class='ocr_line' id='line_1_13' title="bbox 124 1720 1262 1802; baseline 0.003 -22"><span class='ocrx_word' id='word_1_93' title='bbox 124 1720 308 1800; x_wconf 81' lang='lat' dir='ltr'>quotannis,</span> <span class='ocrx_word' id='word_1_94' title='bbox 333 1724 363 1783; x_wconf 90' lang='lat' dir='ltr'>et</span> <span class='ocrx_word' id='word_1_95' title='bbox 393 1721 540 1801; x_wconf 81' lang='lat' dir='ltr'>quamvis</span> <span class='ocrx_word' id='word_1_96' title='bbox 571 1723 743 1802; x_wconf 90' lang='lat' dir='ltr'>imperator</span> <span class='ocrx_word' id='word_1_97' title='bbox 774 1722 948 1802; x_wconf 90' lang='lat' dir='ltr'>priscorum</span> <span class='ocrx_word' id='word_1_98' title='bbox 979 1739 1087 1782; x_wconf 88' lang='lat' dir='ltr'>servos</span> <span class='ocrx_word' id='word_1_99' title='bbox 1110 1722 1143 1781; x_wconf 85' lang='lat' dir='ltr'>et</span> <span class='ocrx_word' id='word_1_100' title='bbox 1165 1721 1262 1783; x_wconf 84' lang='lat' dir='ltr'>servi-</span> 
     </span>
     <span class='ocr_line' id='line_1_14' title="bbox 123 1803 1262 1885; baseline 0.003 -19"><span class='ocrx_word' id='word_1_101' title='bbox 123 1807 210 1867; x_wconf 83' lang='lat' dir='ltr'>tutes</span> <span class='ocrx_word' id='word_1_102' title='bbox 234 1826 272 1866; x_wconf 83' lang='lat' dir='ltr'>ex</span> <span class='ocrx_word' id='word_1_103' title='bbox 299 1805 382 1867; x_wconf 89' lang='lat' dir='ltr'>hona</span> <span class='ocrx_word' id='word_1_104' title='bbox 406 1811 496 1885; x_wconf 86' lang='lat' dir='ltr'>parte</span> <span class='ocrx_word' id='word_1_105' title='bbox 519 1805 692 1880; x_wconf 82' lang='lat' dir='ltr'>submovit,</span> <span class='ocrx_word' id='word_1_106' title='bbox 717 1807 863 1868; x_wconf 85' lang='lat' dir='ltr'>daremus</span> <span class='ocrx_word' id='word_1_107' title='bbox 882 1809 988 1868; x_wconf 90' lang='lat' dir='ltr'>tamen</span> <span class='ocrx_word' id='word_1_108' title='bbox 1007 1823 1138 1866; x_wconf 89' lang='lat' dir='ltr'>munera</span> <span class='ocrx_word' id='word_1_109' title='bbox 1154 1803 1262 1869; x_wconf 91' lang='lat' dir='ltr'>dome·</span> 
     </span>
     <span class='ocr_line' id='line_1_15' title="bbox 124 1887 1261 1970; baseline 0.003 -19"><span class='ocrx_word' id='word_1_110' title='bbox 124 1888 213 1952; x_wconf 88' lang='lat' dir='ltr'>sticis</span> <span class='ocrx_word' id='word_1_111' title='bbox 237 1896 269 1951; x_wconf 90' lang='lat' dir='ltr'>et</span> <span class='ocrx_word' id='word_1_112' title='bbox 292 1910 355 1953; x_wconf 90' lang='lat' dir='ltr'>una</span> <span class='ocrx_word' id='word_1_113' title='bbox 390 1889 588 1953; x_wconf 80' lang='lat' dir='ltr'>laetaremur.</span> <span class='ocrx_word' id='word_1_114' title='bbox 633 1890 721 1955; x_wconf 92' lang='lat' dir='ltr'>Nihil</span> <span class='ocrx_word' id='word_1_115' title='bbox 754 1895 861 1953; x_wconf 90' lang='lat' dir='ltr'>tamen</span> <span class='ocrx_word' id='word_1_116' title='bbox 900 1887 1056 1969; x_wconf 85' lang='lat' dir='ltr'>prohibet,</span> <span class='ocrx_word' id='word_1_117' title='bbox 1089 1888 1168 1970; x_wconf 89' lang='lat' dir='ltr'>quin</span> <span class='ocrx_word' id='word_1_118' title='bbox 1200 1889 1261 1954; x_wconf 89' lang='lat' dir='ltr'>hoc</span> 
     </span>
     <span class='ocr_line' id='line_1_16' title="bbox 125 1973 1262 2058; baseline 0.003 -22"><span class='ocrx_word' id='word_1_119' title='bbox 125 1974 293 2053; x_wconf 88' lang='lat' dir='ltr'>antiquum</span> <span class='ocrx_word' id='word_1_120' title='bbox 318 1981 349 2038; x_wconf 89' lang='lat' dir='ltr'>et</span> <span class='ocrx_word' id='word_1_121' title='bbox 373 1974 554 2039; x_wconf 78' lang='lat' dir='ltr'>venerabile</span> <span class='ocrx_word' id='word_1_122' title='bbox 587 1975 702 2039; x_wconf 90' lang='lat' dir='ltr'>festum</span> <span class='ocrx_word' id='word_1_123' title='bbox 727 1973 955 2058; x_wconf 73' lang='lat' dir='ltr'>coepulonibus</span> <span class='ocrx_word' id='word_1_124' title='bbox 978 1974 1044 2037; x_wconf 85' lang='lat' dir='ltr'>tuis</span> <span class='ocrx_word' id='word_1_125' title='bbox 1066 1974 1262 2039; x_wconf 86' lang='lat' dir='ltr'>doctissimis</span> 
     </span>
     <span class='ocr_line' id='line_1_17' title="bbox 125 2056 1260 2142; baseline 0.003 -22"><span class='ocrx_word' id='word_1_126' title='bbox 125 2058 326 2123; x_wconf 87' lang='lat' dir='ltr'>Hartmanno</span> <span class='ocrx_word' id='word_1_127' title='bbox 352 2060 486 2142; x_wconf 84' lang='lat' dir='ltr'>principi</span> <span class='ocrx_word' id='word_1_128' title='bbox 511 2063 560 2124; x_wconf 89' lang='lat' dir='ltr'>sui</span> <span class='ocrx_word' id='word_1_129' title='bbox 583 2061 713 2137; x_wconf 82' lang='lat' dir='ltr'>ordinis,</span> <span class='ocrx_word' id='word_1_130' title='bbox 737 2060 995 2142; x_wconf 88' lang='lat' dir='ltr'>splendidissimo</span> <span class='ocrx_word' id='word_1_131' title='bbox 1014 2056 1193 2139; x_wconf 81' lang='lat' dir='ltr'>Gregorio,³</span> <span class='ocrx_word' id='word_1_132' title='bbox 1210 2061 1260 2125; x_wconf 88' lang='lat' dir='ltr'>oui</span> 
     </span>
     <span class='ocr_line' id='line_1_18' title="bbox 124 2143 1260 2227; baseline 0.002 -21"><span class='ocrx_word' id='word_1_133' title='bbox 124 2144 157 2206; x_wconf 93' lang='lat' dir='ltr'>in</span> <span class='ocrx_word' id='word_1_134' title='bbox 181 2143 358 2208; x_wconf 88' lang='lat' dir='ltr'>scribendis</span> <span class='ocrx_word' id='word_1_135' title='bbox 389 2146 534 2227; x_wconf 85' lang='lat' dir='ltr'>epistolis</span> <span class='ocrx_word' id='word_1_136' title='bbox 565 2146 678 2209; x_wconf 87' lang='lat' dir='ltr'>merito</span> <span class='ocrx_word' id='word_1_137' title='bbox 712 2145 817 2226; x_wconf 88' lang='lat' dir='ltr'>palma</span> <span class='ocrx_word' id='word_1_138' title='bbox 849 2143 1002 2209; x_wconf 89' lang='lat' dir='ltr'>tribuitur</span> <span class='ocrx_word' id='word_1_139' title='bbox 1029 2143 1071 2206; x_wconf 89' lang='lat' dir='ltr'>ab</span> <span class='ocrx_word' id='word_1_140' title='bbox 1100 2145 1260 2221; x_wconf 88' lang='lat' dir='ltr'>omuibus,</span> 
     </span>
     <span class='ocr_line' id='line_1_19' title="bbox 126 2229 1261 2312; baseline 0.004 -22"><span class='ocrx_word' id='word_1_141' title='bbox 126 2229 180 2310; x_wconf 90' lang='lat' dir='ltr'>qui</span> <span class='ocrx_word' id='word_1_142' title='bbox 205 2250 330 2308; x_wconf 91' lang='lat' dir='ltr'>novere,</span> <span class='ocrx_word' id='word_1_143' title='bbox 355 2232 432 2312; x_wconf 89' lang='lat' dir='ltr'>quid</span> <span class='ocrx_word' id='word_1_144' title='bbox 456 2232 499 2295; x_wconf 90' lang='lat' dir='ltr'>sit</span> <span class='ocrx_word' id='word_1_145' title='bbox 521 2231 681 2312; x_wconf 86' lang='lat' dir='ltr'>elegantia</span> <span class='ocrx_word' id='word_1_146' title='bbox 703 2238 736 2293; x_wconf 89' lang='lat' dir='ltr'>et</span> <span class='ocrx_word' id='word_1_147' title='bbox 759 2232 843 2294; x_wconf 88' lang='lat' dir='ltr'>nitor</span> <span class='ocrx_word' id='word_1_148' title='bbox 866 2229 1074 2306; x_wconf 85' lang='lat' dir='ltr'>Teutonismi,</span> <span class='ocrx_word' id='word_1_149' title='bbox 1099 2233 1131 2292; x_wconf 92' lang='lat' dir='ltr'>et</span> <span class='ocrx_word' id='word_1_150' title='bbox 1147 2231 1261 2295; x_wconf 83' lang='lat' dir='ltr'>ceteris</span> 
     </span>
     <span class='ocr_line' id='line_1_20' title="bbox 126 2313 1260 2398; baseline 0.004 -23"><span class='ocrx_word' id='word_1_151' title='bbox 126 2313 296 2396; x_wconf 91' lang='lat' dir='ltr'>praeclaris</span> <span class='ocrx_word' id='word_1_152' title='bbox 320 2317 395 2379; x_wconf 88' lang='lat' dir='ltr'>viris</span> <span class='ocrx_word' id='word_1_153' title='bbox 422 2315 507 2379; x_wconf 89' lang='lat' dir='ltr'>clara</span> <span class='ocrx_word' id='word_1_154' title='bbox 531 2339 606 2380; x_wconf 93' lang='lat' dir='ltr'>voce</span> <span class='ocrx_word' id='word_1_155' title='bbox 630 2317 792 2398; x_wconf 88' lang='lat' dir='ltr'>praedices</span> <span class='ocrx_word' id='word_1_156' title='bbox 817 2321 849 2378; x_wconf 89' lang='lat' dir='ltr'>et</span> <span class='ocrx_word' id='word_1_157' title='bbox 872 2315 1073 2397; x_wconf 86' lang='lat' dir='ltr'>persuadeas,</span> <span class='ocrx_word' id='word_1_158' title='bbox 1100 2318 1137 2377; x_wconf 89' lang='lat' dir='ltr'>ut</span> <span class='ocrx_word' id='word_1_159' title='bbox 1166 2316 1260 2395; x_wconf 88' lang='lat' dir='ltr'>genio</span> 
     </span>
     <span class='ocr_line' id='line_1_21' title="bbox 127 2398 1258 2483; baseline 0.002 -21"><span class='ocrx_word' id='word_1_160' title='bbox 127 2398 324 2481; x_wconf 84' lang='lat' dir='ltr'>indulgeant.</span> <span class='ocrx_word' id='word_1_161' title='bbox 382 2403 423 2464; x_wconf 86' lang='lat' dir='ltr'>At</span> <span class='ocrx_word' id='word_1_162' title='bbox 457 2401 484 2464; x_wconf 90' lang='lat' dir='ltr'>si</span> <span class='ocrx_word' id='word_1_163' title='bbox 521 2402 740 2466; x_wconf 89' lang='lat' dir='ltr'>Hartmannus</span> <span class='ocrx_word' id='word_1_164' title='bbox 774 2400 930 2483; x_wconf 87' lang='lat' dir='ltr'>jejunium</span> <span class='ocrx_word' id='word_1_165' title='bbox 969 2403 1002 2462; x_wconf 93' lang='lat' dir='ltr'>et</span> <span class='ocrx_word' id='word_1_166' title='bbox 1038 2399 1258 2464; x_wconf 88' lang='lat' dir='ltr'>austeritatem</span> 
     </span>
     <span class='ocr_line' id='line_1_22' title="bbox 124 2485 1260 2568; baseline 0.001 -20"><span class='ocrx_word' id='word_1_167' title='bbox 124 2485 304 2549; x_wconf 90' lang='lat' dir='ltr'>remissioni</span> <span class='ocrx_word' id='word_1_168' title='bbox 328 2491 360 2549; x_wconf 88' lang='lat' dir='ltr'>et</span> <span class='ocrx_word' id='word_1_169' title='bbox 383 2486 565 2550; x_wconf 86' lang='lat' dir='ltr'>laxamento</span> <span class='ocrx_word' id='word_1_170' title='bbox 590 2487 774 2568; x_wconf 89' lang='lat' dir='ltr'>praetulerit</span> <span class='ocrx_word' id='word_1_171' title='bbox 797 2492 834 2549; x_wconf 93' lang='lat' dir='ltr'>ut</span> <span class='ocrx_word' id='word_1_172' title='bbox 856 2485 951 2548; x_wconf 92' lang='lat' dir='ltr'>homo</span> <span class='ocrx_word' id='word_1_173' title='bbox 981 2488 1205 2549; x_wconf 86' lang='lat' dir='ltr'>sacrosanctus</span> <span class='ocrx_word' id='word_1_174' title='bbox 1227 2490 1260 2549; x_wconf 92' lang='lat' dir='ltr'>et</span> 
     </span>
     <span class='ocr_line' id='line_1_23' title="bbox 124 2569 1260 2653; baseline 0 -19"><span class='ocrx_word' id='word_1_175' title='bbox 124 2575 221 2652; x_wconf 87' lang='lat' dir='ltr'>capnt</span> <span class='ocrx_word' id='word_1_176' title='bbox 255 2570 418 2652; x_wconf 85' lang='lat' dir='ltr'>religionis</span> <span class='ocrx_word' id='word_1_177' title='bbox 450 2571 645 2649; x_wconf 85' lang='lat' dir='ltr'>benedictae,</span> <span class='ocrx_word' id='word_1_178' title='bbox 668 2570 874 2653; x_wconf 85' lang='lat' dir='ltr'>respondebis</span> <span class='ocrx_word' id='word_1_179' title='bbox 896 2575 932 2633; x_wconf 88' lang='lat' dir='ltr'>tu</span> <span class='ocrx_word' id='word_1_180' title='bbox 956 2591 1020 2633; x_wconf 92' lang='lat' dir='ltr'>non</span> <span class='ocrx_word' id='word_1_181' title='bbox 1044 2590 1164 2633; x_wconf 90' lang='lat' dir='ltr'>errasse</span> <span class='ocrx_word' id='word_1_182' title='bbox 1187 2569 1260 2634; x_wconf 90' lang='lat' dir='ltr'>Pla·</span> 
     </span>
     <span class='ocr_line' id='line_1_24' title="bbox 123 2653 1258 2739; baseline 0.001 -21"><span class='ocrx_word' id='word_1_183' title='bbox 123 2661 242 2732; x_wconf 89' lang='lat' dir='ltr'>tonem,</span> <span class='ocrx_word' id='word_1_184' title='bbox 275 2677 432 2720; x_wconf 88' lang='lat' dir='ltr'>summum</span> <span class='ocrx_word' id='word_1_185' title='bbox 467 2656 738 2739; x_wconf 89' lang='lat' dir='ltr'>philosophorum,</span> <span class='ocrx_word' id='word_1_186' title='bbox 763 2657 819 2738; x_wconf 93' lang='lat' dir='ltr'>qui</span> <span class='ocrx_word' id='word_1_187' title='bbox 842 2658 951 2719; x_wconf 87' lang='lat' dir='ltr'>censet</span> <span class='ocrx_word' id='word_1_188' title='bbox 973 2677 992 2718; x_wconf 90' lang='lat' dir='ltr'>a</span> <span class='ocrx_word' id='word_1_189' title='bbox 1014 2655 1074 2718; x_wconf 90' lang='lat' dir='ltr'>deo</span> <span class='ocrx_word' id='word_1_190' title='bbox 1106 2653 1258 2719; x_wconf 90' lang='lat' dir='ltr'>festorum</span> 
     </span>
     <span class='ocr_line' id='line_1_25' title="bbox 124 2741 1258 2822; baseline 0 -17"><span class='ocrx_word' id='word_1_191' title='bbox 124 2741 320 2805; x_wconf 86' lang='lat' dir='ltr'>alacritatem</span> <span class='ocrx_word' id='word_1_192' title='bbox 358 2742 551 2817; x_wconf 85' lang='lat' dir='ltr'>institutam,</span> <span class='ocrx_word' id='word_1_193' title='bbox 586 2764 649 2822; x_wconf 88' lang='lat' dir='ltr'>qua</span> <span class='ocrx_word' id='word_1_194' title='bbox 684 2741 823 2805; x_wconf 90' lang='lat' dir='ltr'>humana</span> <span class='ocrx_word' id='word_1_195' title='bbox 860 2741 1019 2822; x_wconf 85' lang='lat' dir='ltr'>fragilitas</span> <span class='ocrx_word' id='word_1_196' title='bbox 1056 2745 1258 2805; x_wconf 87' lang='lat' dir='ltr'>recrearetur.</span> 
     </span>
     <span class='ocr_line' id='line_1_26' title="bbox 125 2826 1256 2909; baseline 0 -19"><span class='ocrx_word' id='word_1_197' title='bbox 125 2826 332 2890; x_wconf 86' lang='lat' dir='ltr'>Contradicet</span> <span class='ocrx_word' id='word_1_198' title='bbox 365 2828 424 2890; x_wconf 91' lang='lat' dir='ltr'>hoc</span> <span class='ocrx_word' id='word_1_199' title='bbox 458 2828 570 2909; x_wconf 89' lang='lat' dir='ltr'>opinor</span> <span class='ocrx_word' id='word_1_200' title='bbox 603 2826 711 2890; x_wconf 89' lang='lat' dir='ltr'>rnodo:</span> <span class='ocrx_word' id='word_1_201' title='bbox 746 2826 869 2907; x_wconf 89' lang='lat' dir='ltr'>,Minos</span> <span class='ocrx_word' id='word_1_202' title='bbox 899 2826 1001 2908; x_wconf 90' lang='lat' dir='ltr'>legem</span> <span class='ocrx_word' id='word_1_203' title='bbox 1024 2829 1256 2906; x_wconf 90' lang='lat' dir='ltr'>accepturusa</span> 
     </span>
     <span class='ocr_line' id='line_1_27' title="bbox 124 2910 1256 2994; baseline -0.001 -19"><span class='ocrx_word' id='word_1_204' title='bbox 124 2911 205 2975; x_wconf 85' lang='lat' dir='ltr'>Jove</span> <span class='ocrx_word' id='word_1_205' title='bbox 221 2932 334 2974; x_wconf 89' lang='lat' dir='ltr'>novem</span> <span class='ocrx_word' id='word_1_206' title='bbox 353 2912 465 2975; x_wconf 89' lang='lat' dir='ltr'>diebus</span> <span class='ocrx_word' id='word_1_207' title='bbox 482 2913 513 2974; x_wconf 93' lang='lat' dir='ltr'>in</span> <span class='ocrx_word' id='word_1_208' title='bbox 531 2911 681 2993; x_wconf 88' lang='lat' dir='ltr'>spelunca</span> <span class='ocrx_word' id='word_1_209' title='bbox 695 2911 850 2994; x_wconf 87' lang='lat' dir='ltr'>jejunium</span> <span class='ocrx_word' id='word_1_210' title='bbox 866 2911 1059 2985; x_wconf 88' lang='lat' dir='ltr'>observavit,</span> <span class='ocrx_word' id='word_1_211' title='bbox 1076 2911 1102 2973; x_wconf 93' lang='lat' dir='ltr'>si</span> <span class='ocrx_word' id='word_1_212' title='bbox 1121 2910 1256 2975; x_wconf 84' lang='lat' dir='ltr'>Homero</span> 
     </span>
     <span class='ocr_line' id='line_1_28' title="bbox 125 2995 1257 3078; baseline 0.001 -18"><span class='ocrx_word' id='word_1_213' title='bbox 125 2996 292 3060; x_wconf 77' lang='lat' dir='ltr'>credimus</span> <span class='ocrx_word' id='word_1_214' title='bbox 339 2997 453 3069; x_wconf 84' lang='lat' dir='ltr'>hloses,</span> <span class='ocrx_word' id='word_1_215' title='bbox 477 2997 690 3061; x_wconf 88' lang='lat' dir='ltr'>Hebraeorum</span> <span class='ocrx_word' id='word_1_216' title='bbox 715 2997 915 3078; x_wconf 85' lang='lat' dir='ltr'>legumlator,</span> <span class='ocrx_word' id='word_1_217' title='bbox 937 2995 992 3058; x_wconf 84' lang='lat' dir='ltr'>XL</span> <span class='ocrx_word' id='word_1_218' title='bbox 1015 2995 1136 3059; x_wconf 90' lang='lat' dir='ltr'>dierum</span> <span class='ocrx_word' id='word_1_219' title='bbox 1153 2997 1257 3078; x_wconf 90' lang='lat' dir='ltr'>spatio</span> 
     </span>
     <span class='ocr_line' id='line_1_29' title="bbox 126 3080 1258 3165; baseline 0.003 -21"><span class='ocrx_word' id='word_1_220' title='bbox 126 3081 198 3146; x_wconf 91' lang='lat' dir='ltr'>cibo</span> <span class='ocrx_word' id='word_1_221' title='bbox 220 3082 389 3146; x_wconf 86' lang='lat' dir='ltr'>abstinuit.</span> <span class='ocrx_word' id='word_1_222' title='bbox 435 3082 552 3146; x_wconf 86' lang='lat' dir='ltr'>Notum</span> <span class='ocrx_word' id='word_1_223' title='bbox 586 3104 712 3164; x_wconf 88' lang='lat' dir='ltr'>qnoque</span> <span class='ocrx_word' id='word_1_224' title='bbox 735 3083 783 3146; x_wconf 82' lang='lat' dir='ltr'>vel</span> <span class='ocrx_word' id='word_1_225' title='bbox 807 3082 916 3145; x_wconf 90' lang='lat' dir='ltr'>idiotis</span> <span class='ocrx_word' id='word_1_226' title='bbox 943 3080 1152 3157; x_wconf 88' lang='lat' dir='ltr'>nostratibus,</span> <span class='ocrx_word' id='word_1_227' title='bbox 1181 3082 1258 3165; x_wconf 89' lang='lat' dir='ltr'>quid</span> 
     </span>
     <span class='ocr_line' id='line_1_30' title="bbox 125 3164 1257 3249; baseline 0.002 -19"><span class='ocrx_word' id='word_1_228' title='bbox 125 3166 233 3231; x_wconf 89' lang='lat' dir='ltr'>Helias</span> <span class='ocrx_word' id='word_1_229' title='bbox 250 3171 282 3230; x_wconf 91' lang='lat' dir='ltr'>et</span> <span class='ocrx_word' id='word_1_230' title='bbox 297 3167 482 3249; x_wconf 88' lang='lat' dir='ltr'>prophetae,</span> <span class='ocrx_word' id='word_1_231' title='bbox 506 3167 581 3248; x_wconf 91' lang='lat' dir='ltr'>quid</span> <span class='ocrx_word' id='word_1_232' title='bbox 599 3167 745 3232; x_wconf 91' lang='lat' dir='ltr'>Christus</span> <span class='ocrx_word' id='word_1_233' title='bbox 761 3166 800 3232; x_wconf 87' lang='lat' dir='ltr'>et‘</span> <span class='ocrx_word' id='word_1_234' title='bbox 808 3167 944 3249; x_wconf 91' lang='lat' dir='ltr'>apostoli</span> <span class='ocrx_word' id='word_1_235' title='bbox 961 3165 1102 3230; x_wconf 89' lang='lat' dir='ltr'>feceriut.</span> <span class='ocrx_word' id='word_1_236' title='bbox 1140 3164 1257 3232; x_wconf 85' lang='lat' dir='ltr'>Eorum</span> 
     </span>
     <span class='ocr_line' id='line_1_31' title="bbox 125 3251 1256 3349; baseline 0 -33"><span class='ocrx_word' id='word_1_237' title='bbox 125 3253 268 3332; x_wconf 87' lang='lat' dir='ltr'>vestigiis</span> <span class='ocrx_word' id='word_1_238' title='bbox 302 3253 514 3316; x_wconf 90' lang='lat' dir='ltr'>insistendum</span> <span class='ocrx_word' id='word_1_239' title='bbox 550 3274 629 3330; x_wconf 88' lang='lat' dir='ltr'>ease,</span> <span class='ocrx_word' id='word_1_240' title='bbox 664 3257 834 3349; x_wconf 86' lang='lat' dir='ltr'>postquam</span> <span class='ocrx_word' id='word_1_241' title='bbox 869 3251 1090 3335; x_wconf 84' lang='lat' dir='ltr'>Telesphoro·</span> <span class='ocrx_word' id='word_1_242' title='bbox 1127 3251 1256 3333; x_wconf 91' lang='lat' dir='ltr'>placuit,</span> 
     </span>
     <span class='ocr_line' id='line_1_32' title="bbox 124 3336 1258 3420; baseline 0 -21"><span class='ocrx_word' id='word_1_243' title='bbox 124 3344 160 3401; x_wconf 92' lang='lat' dir='ltr'>ut</span> <span class='ocrx_word' id='word_1_244' title='bbox 193 3343 314 3420; x_wconf 88' lang='lat' dir='ltr'>septem</span> <span class='ocrx_word' id='word_1_245' title='bbox 348 3337 602 3401; x_wconf 89' lang='lat' dir='ltr'>hebdomadibus</span> <span class='ocrx_word' id='word_1_246' title='bbox 632 3336 874 3419; x_wconf 70' lang='lat' dir='ltr'>jejunaremus.⁸</span> <span class='ocrx_word' id='word_1_247' title='bbox 927 3338 1047 3414; x_wconf 87' lang='lat' dir='ltr'>Habeo,</span> <span class='ocrx_word' id='word_1_248' title='bbox 1083 3336 1258 3416; x_wconf 80' lang='lat' dir='ltr'>Valentino,</span> 
     </span>
     <span class='ocr_line' id='line_1_33' title="bbox 125 3421 1256 3505; baseline 0.002 -21"><span class='ocrx_word' id='word_1_249' title='bbox 125 3423 202 3503; x_wconf 87' lang='lat' dir='ltr'>quid</span> <span class='ocrx_word' id='word_1_250' title='bbox 220 3423 452 3486; x_wconf 88' lang='lat' dir='ltr'>humanissimo</span> <span class='ocrx_word' id='word_1_251' title='bbox 469 3425 552 3504; x_wconf 89' lang='lat' dir='ltr'>patri</span> <span class='ocrx_word' id='word_1_252' title='bbox 568 3445 719 3505; x_wconf 89' lang='lat' dir='ltr'>opponas.</span> <span class='ocrx_word' id='word_1_253' title='bbox 757 3423 844 3487; x_wconf 92' lang='lat' dir='ltr'>Nihil</span> <span class='ocrx_word' id='word_1_254' title='bbox 861 3423 944 3487; x_wconf 88' lang='lat' dir='ltr'>enim</span> <span class='ocrx_word' id='word_1_255' title='bbox 962 3423 1012 3486; x_wconf 92' lang='lat' dir='ltr'>hic</span> <span class='ocrx_word' id='word_1_256' title='bbox 1029 3421 1090 3484; x_wconf 91' lang='lat' dir='ltr'>nisi</span> <span class='ocrx_word' id='word_1_257' title='bbox 1107 3421 1256 3486; x_wconf 87' lang='lat' dir='ltr'>festivum</span> 
     </span>
     <span class='ocr_line' id='line_1_34' title="bbox 125 3506 1256 3590; baseline -0.001 -19"><span class='ocrx_word' id='word_1_258' title='bbox 125 3514 158 3571; x_wconf 93' lang='lat' dir='ltr'>et</span> <span class='ocrx_word' id='word_1_259' title='bbox 187 3508 355 3571; x_wconf 88' lang='lat' dir='ltr'>ridiculum</span> <span class='ocrx_word' id='word_1_260' title='bbox 388 3508 527 3571; x_wconf 84' lang='lat' dir='ltr'>afferam.</span> <span class='ocrx_word' id='word_1_261' title='bbox 575 3509 749 3572; x_wconf 81' lang='lat' dir='ltr'>Ausonium</span> <span class='ocrx_word' id='word_1_262' title='bbox 774 3508 891 3590; x_wconf 90' lang='lat' dir='ltr'>legisti.</span> <span class='ocrx_word' id='word_1_263' title='bbox 939 3508 1100 3571; x_wconf 75' lang='lat' dir='ltr'>Ausonius</span> <span class='ocrx_word' id='word_1_264' title='bbox 1134 3506 1256 3587; x_wconf 86' lang='lat' dir='ltr'>inquit:</span> 
     </span>
     <span class='ocr_line' id='line_1_35' title="bbox 126 3591 1258 3674; baseline -0.002 -18"><span class='ocrx_word' id='word_1_265' title='bbox 126 3592 265 3674; x_wconf 82' lang='lat' dir='ltr'>„Sancta</span> <span class='ocrx_word' id='word_1_266' title='bbox 296 3593 452 3656; x_wconf 83' lang='lat' dir='ltr'>salutiferi</span> <span class='ocrx_word' id='word_1_267' title='bbox 483 3594 618 3655; x_wconf 88' lang='lat' dir='ltr'>redeunt</span> <span class='ocrx_word' id='word_1_268' title='bbox 648 3593 804 3656; x_wconf 89' lang='lat' dir='ltr'>solemnia</span> <span class='ocrx_word' id='word_1_269' title='bbox 838 3591 957 3657; x_wconf 87' lang='lat' dir='ltr'>Christi</span> <span class='ocrx_word' id='word_1_270' title='bbox 990 3592 1031 3655; x_wconf 79' lang='lat' dir='ltr'>Er</span> <span class='ocrx_word' id='word_1_271' title='bbox 1064 3592 1179 3655; x_wconf 86' lang='lat' dir='ltr'>devota</span> <span class='ocrx_word' id='word_1_272' title='bbox 1214 3592 1258 3673; x_wconf 88' lang='lat' dir='ltr'>pii</span> 
     </span>
     <span class='ocr_line' id='line_1_36' title="bbox 125 3676 1256 3759; baseline 0.001 -19"><span class='ocrx_word' id='word_1_273' title='bbox 125 3677 286 3741; x_wconf 88' lang='lat' dir='ltr'>celebrant</span> <span class='ocrx_word' id='word_1_274' title='bbox 316 3679 438 3759; x_wconf 85' lang='lat' dir='ltr'>jejunia</span> <span class='ocrx_word' id='word_1_275' title='bbox 471 3676 639 3758; x_wconf 75' lang='lat' dir='ltr'>mystae.“⁵</span> <span class='ocrx_word' id='word_1_276' title='bbox 696 3678 795 3742; x_wconf 86' lang='lat' dir='ltr'>Docet</span> <span class='ocrx_word' id='word_1_277' title='bbox 829 3679 989 3742; x_wconf 83' lang='lat' dir='ltr'>Ausonius</span> <span class='ocrx_word' id='word_1_278' title='bbox 1019 3680 1140 3759; x_wconf 89' lang='lat' dir='ltr'>mystas</span> <span class='ocrx_word' id='word_1_279' title='bbox 1172 3676 1192 3738; x_wconf 90' lang='lat' dir='ltr'>i.</span> <span class='ocrx_word' id='word_1_280' title='bbox 1230 3699 1256 3741; x_wconf 91' lang='lat' dir='ltr'>e.</span> 
     </span>
     <span class='ocr_line' id='line_1_37' title="bbox 125 3761 1258 3845; baseline 0 -19"><span class='ocrx_word' id='word_1_281' title='bbox 125 3764 307 3827; x_wconf 89' lang='lat' dir='ltr'>sacerdotes</span> <span class='ocrx_word' id='word_1_282' title='bbox 352 3763 527 3826; x_wconf 85' lang='lat' dir='ltr'>celebrasse</span> <span class='ocrx_word' id='word_1_283' title='bbox 568 3763 697 3844; x_wconf 85' lang='lat' dir='ltr'>jejunia.</span> <span class='ocrx_word' id='word_1_284' title='bbox 758 3764 871 3845; x_wconf 88' lang='lat' dir='ltr'>ltaque</span> <span class='ocrx_word' id='word_1_285' title='bbox 908 3785 979 3826; x_wconf 91' lang='lat' dir='ltr'>cum</span> <span class='ocrx_word' id='word_1_286' title='bbox 1018 3761 1189 3843; x_wconf 88' lang='lat' dir='ltr'>Gregorius</span> <span class='ocrx_word' id='word_1_287' title='bbox 1226 3767 1258 3826; x_wconf 88' lang='lat' dir='ltr'>at</span> 
     </span>
     <span class='ocr_line' id='line_1_38' title="bbox 127 3846 1258 3924; baseline -0.001 -12"><span class='ocrx_word' id='word_1_288' title='bbox 127 3846 310 3912; x_wconf 79' lang='lat' dir='ltr'>Huthenus⁶</span> <span class='ocrx_word' id='word_1_289' title='bbox 346 3855 378 3910; x_wconf 89' lang='lat' dir='ltr'>et</span> <span class='ocrx_word' id='word_1_290' title='bbox 412 3854 447 3910; x_wconf 89' lang='lat' dir='ltr'>tu</span> <span class='ocrx_word' id='word_1_291' title='bbox 483 3849 551 3911; x_wconf 89' lang='lat' dir='ltr'>sina</span> <span class='ocrx_word' id='word_1_292' title='bbox 583 3848 760 3912; x_wconf 86' lang='lat' dir='ltr'>sacerdotio</span> <span class='ocrx_word' id='word_1_293' title='bbox 793 3849 919 3924; x_wconf 87' lang='lat' dir='ltr'>vivatis,</span> <span class='ocrx_word' id='word_1_294' title='bbox 955 3847 1046 3911; x_wconf 89' lang='lat' dir='ltr'>facile</span> <span class='ocrx_word' id='word_1_295' title='bbox 1077 3852 1258 3911; x_wconf 87' lang='lat' dir='ltr'>commenta</span> 
     </span>
     <span class='ocr_line' id='line_1_39' title="bbox 125 3932 1258 4015; baseline 0.001 -19"><span class='ocrx_word' id='word_1_296' title='bbox 125 3934 420 4015; x_wconf 87' lang='lat' dir='ltr'>superstitiosorum</span> <span class='ocrx_word' id='word_1_297' title='bbox 445 3938 481 3996; x_wconf 91' lang='lat' dir='ltr'>ut</span> <span class='ocrx_word' id='word_1_298' title='bbox 503 3933 621 3996; x_wconf 84' lang='lat' dir='ltr'>ficticia</span> <span class='ocrx_word' id='word_1_299' title='bbox 643 3933 802 4007; x_wconf 71' lang='lat' dir='ltr'>refelletis</span> <span class='ocrx_word' id='word_1_300' title='bbox 825 3954 1017 4015; x_wconf 86' lang='lat' dir='ltr'>quamquam</span> <span class='ocrx_word' id='word_1_301' title='bbox 1040 3932 1258 3997; x_wconf 89' lang='lat' dir='ltr'>Hartmannus</span> 
     </span>
     <span class='ocr_line' id='line_1_40' title="bbox 124 4016 1258 4099; baseline -0.002 -17"><span class='ocrx_word' id='word_1_302' title='bbox 124 4019 254 4082; x_wconf 87' lang='lat' dir='ltr'>minime</span> <span class='ocrx_word' id='word_1_303' title='bbox 278 4020 419 4081; x_wconf 89' lang='lat' dir='ltr'>omnium</span> <span class='ocrx_word' id='word_1_304' title='bbox 437 4020 481 4081; x_wconf 87' lang='lat' dir='ltr'>sit</span> <span class='ocrx_word' id='word_1_305' title='bbox 496 4019 747 4099; x_wconf 87' lang='lat' dir='ltr'>superstitiosus.</span> <span class='ocrx_word' id='word_1_306' title='bbox 794 4016 940 4082; x_wconf 87' lang='lat' dir='ltr'>Ceterum</span> <span class='ocrx_word' id='word_1_307' title='bbox 958 4020 990 4081; x_wconf 92' lang='lat' dir='ltr'>in</span> <span class='ocrx_word' id='word_1_308' title='bbox 1007 4017 1079 4081; x_wconf 88' lang='lat' dir='ltr'>aliis</span> <span class='ocrx_word' id='word_1_309' title='bbox 1095 4017 1258 4081; x_wconf 91' lang='lat' dir='ltr'>coenobiis</span> 
     </span>
     <span class='ocr_line' id='line_1_41' title="bbox 128 4102 1257 4186; baseline 0.001 -20"><span class='ocrx_word' id='word_1_310' title='bbox 128 4104 254 4182; x_wconf 89' lang='lat' dir='ltr'>degunt</span> <span class='ocrx_word' id='word_1_311' title='bbox 277 4105 341 4166; x_wconf 82' lang='lat' dir='ltr'>veri</span> <span class='ocrx_word' id='word_1_312' title='bbox 366 4103 514 4167; x_wconf 82' lang='lat' dir='ltr'>&#39;limones</span> <span class='ocrx_word' id='word_1_313' title='bbox 537 4109 568 4166; x_wconf 81' lang='lat' dir='ltr'>et</span> <span class='ocrx_word' id='word_1_314' title='bbox 591 4104 698 4167; x_wconf 88' lang='lat' dir='ltr'>tristes</span> <span class='ocrx_word' id='word_1_315' title='bbox 722 4102 947 4186; x_wconf 65' lang='lat' dir='ltr'>Areopagitae²</span> <span class='ocrx_word' id='word_1_316' title='bbox 971 4107 1004 4166; x_wconf 85' lang='lat' dir='ltr'>et</span> <span class='ocrx_word' id='word_1_317' title='bbox 1027 4108 1063 4166; x_wconf 91' lang='lat' dir='ltr'>ut</span> <span class='ocrx_word' id='word_1_318' title='bbox 1085 4103 1131 4165; x_wconf 90' lang='lat' dir='ltr'>ita</span> <span class='ocrx_word' id='word_1_319' title='bbox 1154 4102 1257 4167; x_wconf 90' lang='lat' dir='ltr'>dicam</span> 
     </span>
    </p>
   </div>
   <div class='ocr_carea' id='block_1_3' title="bbox 1346 1875 1362 1905">
    <p class='ocr_par' dir='ltr' id='par_1_3' title="bbox 1346 1875 1362 1905">
     <span class='ocr_line' id='line_1_42' title="bbox 1346 1875 1362 1905; baseline 0 0"><span class='ocrx_word' id='word_1_320' title='bbox 1346 1875 1362 1905; x_wconf 60' lang='lat' dir='ltr'>N</span> 
     </span>
    </p>
   </div>
   <div class='ocr_carea' id='block_1_4' title="bbox 124 4253 1258 4662">
    <p class='ocr_par' dir='ltr' id='par_1_4' title="bbox 124 4253 1258 4662">
     <span class='ocr_line' id='line_1_43' title="bbox 192 4268 360 4294; baseline 0 -19"><span class='ocrx_word' id='word_1_321' title='bbox 192 4268 206 4294; x_wconf 72' lang='lat' dir='ltr'>a</span> <span class='ocrx_word' id='word_1_322' title='bbox 358 4271 360 4275; x_wconf 79' lang='grc'>,</span> 
     </span>
     <span class='ocr_line' id='line_1_44' title="bbox 195 4253 1226 4389; baseline -0.003 -14"><span class='ocrx_word' id='word_1_323' title='bbox 195 4324 202 4353; x_wconf 91' lang='lat'><strong>¹</strong></span> <span class='ocrx_word' id='word_1_324' title='bbox 220 4253 385 4388; x_wconf 50' lang='lat' dir='ltr'>{dilliplllo</span> <span class='ocrx_word' id='word_1_325' title='bbox 447 4322 456 4352; x_wconf 74' lang='lat'><strong>⁹</strong></span> <span class='ocrx_word' id='word_1_326' title='bbox 475 4320 532 4389; x_wconf 83' lang='lat' dir='ltr'>Dig.</span> <span class='ocrx_word' id='word_1_327' title='bbox 551 4319 653 4381; x_wconf 79' lang='lat' dir='ltr'>XXIV,</span> <span class='ocrx_word' id='word_1_328' title='bbox 674 4322 697 4386; x_wconf 89' lang='lat' dir='ltr'>l,</span> <span class='ocrx_word' id='word_1_329' title='bbox 715 4321 756 4374; x_wconf 86' lang='lat'>31.</span> <span class='ocrx_word' id='word_1_330' title='bbox 828 4320 838 4352; x_wconf 78' lang='lat'>⁸</span> <span class='ocrx_word' id='word_1_331' title='bbox 855 4321 906 4373; x_wconf 83' lang='lat' dir='ltr'>Gra</span> <span class='ocrx_word' id='word_1_332' title='bbox 924 4321 995 4375; x_wconf 87' lang='lat' dir='ltr'>orius</span> <span class='ocrx_word' id='word_1_333' title='bbox 1013 4319 1038 4374; x_wconf 79' lang='lat' dir='ltr'>S.</span> <span class='ocrx_word' id='word_1_334' title='bbox 1057 4318 1085 4372; x_wconf 88' lang='lat' dir='ltr'>in</span> <span class='ocrx_word' id='word_1_335' title='bbox 1102 4319 1146 4377; x_wconf 90' lang='lat' dir='ltr'>Br.</span> <span class='ocrx_word' id='word_1_336' title='bbox 1166 4319 1226 4373; x_wconf 76' lang='lat'>439.</span> 
     </span>
     <span class='ocr_line' id='line_1_45' title="bbox 165 4337 1256 4456; baseline -0.001 -14"><span class='ocrx_word' id='word_1_337' title='bbox 165 4389 246 4442; x_wconf 80' lang='lat' dir='ltr'>⁴Der</span> <span class='ocrx_word' id='word_1_338' title='bbox 263 4393 327 4442; x_wconf 75' lang='lat' dir='ltr'>rom.</span> <span class='ocrx_word' id='word_1_339' title='bbox 347 4389 455 4441; x_wconf 83' lang='lat' dir='ltr'>Bisohol</span> <span class='ocrx_word' id='word_1_340' title='bbox 471 4389 644 4456; x_wconf 85' lang='lat' dir='ltr'>Telesphorus</span> <span class='ocrx_word' id='word_1_341' title='bbox 666 4388 699 4456; x_wconf 73' lang='grc'>(2.</span> <span class='ocrx_word' id='word_1_342' title='bbox 718 4388 773 4455; x_wconf 83' lang='lat' dir='ltr'>Jh.)</span> <span class='ocrx_word' id='word_1_343' title='bbox 792 4388 841 4442; x_wconf 91' lang='lat' dir='ltr'>soll</span> <span class='ocrx_word' id='word_1_344' title='bbox 852 4337 1153 4442; x_wconf 72' lang='lat' dir='ltr'>diciastcnvorsohtirh</span> <span class='ocrx_word' id='word_1_345' title='bbox 1161 4386 1256 4441; x_wconf 84' lang='lat' dir='ltr'>haben.</span> 
     </span>
     <span class='ocr_line' id='line_1_46' title="bbox 166 4454 1258 4524; baseline -0.002 -14"><span class='ocrx_word' id='word_1_346' title='bbox 166 4460 257 4511; x_wconf 65' lang='lat' dir='ltr'>thus.</span> <span class='ocrx_word' id='word_1_347' title='bbox 282 4457 358 4524; x_wconf 80' lang='lat' dir='ltr'>ldyll.</span> <span class='ocrx_word' id='word_1_348' title='bbox 378 4457 398 4519; x_wconf 77' lang='lat' dir='ltr'>l,</span> <span class='ocrx_word' id='word_1_349' title='bbox 419 4460 428 4508; x_wconf 87' lang='lat'>1</span> <span class='ocrx_word' id='word_1_350' title='bbox 453 4475 492 4524; x_wconf 80' lang='lat' dir='ltr'>sq.</span> <span class='ocrx_word' id='word_1_351' title='bbox 562 4455 740 4509; x_wconf 78' lang='lat' dir='ltr'>⁶blarsobalk</span> <span class='ocrx_word' id='word_1_352' title='bbox 767 4456 870 4509; x_wconf 86' lang='lat' dir='ltr'>Frowin</span> <span class='ocrx_word' id='word_1_353' title='bbox 897 4474 922 4512; x_wconf 92' lang='lat' dir='ltr'>v.</span> <span class='ocrx_word' id='word_1_354' title='bbox 950 4456 1059 4521; x_wconf 84' lang='lat' dir='ltr'>Huttsn,</span> <span class='ocrx_word' id='word_1_355' title='bbox 1085 4455 1113 4509; x_wconf 88' lang='lat' dir='ltr'>iu</span> <span class='ocrx_word' id='word_1_356' title='bbox 1139 4454 1258 4509; x_wconf 81' lang='lat' dir='ltr'>Maiuzor</span> 
     </span>
     <span class='ocr_line' id='line_1_47' title="bbox 128 4522 1257 4593; baseline -0.004 -16"><span class='ocrx_word' id='word_1_357' title='bbox 128 4524 263 4578; x_wconf 89' lang='lat' dir='ltr'>Dionsten.</span> <span class='ocrx_word' id='word_1_358' title='bbox 335 4525 468 4577; x_wconf 81' lang='lat' dir='ltr'>⁷Timone</span> <span class='ocrx_word' id='word_1_359' title='bbox 486 4526 540 4577; x_wconf 89' lang='lat' dir='ltr'>und</span> <span class='ocrx_word' id='word_1_360' title='bbox 559 4526 732 4592; x_wconf 69' lang='lat' dir='ltr'>areopagiten</span> <span class='ocrx_word' id='word_1_361' title='bbox 760 4524 881 4593; x_wconf 84' lang='lat' dir='ltr'>sprichw.</span> <span class='ocrx_word' id='word_1_362' title='bbox 907 4541 958 4579; x_wconf 78' lang='lat' dir='ltr'>ron</span> <span class='ocrx_word' id='word_1_363' title='bbox 982 4522 1148 4579; x_wconf 83' lang='lat' dir='ltr'>miinischou</span> <span class='ocrx_word' id='word_1_364' title='bbox 1174 4522 1257 4591; x_wconf 71' lang='lat' dir='ltr'>Kont-</span> 
     </span>
     <span class='ocr_line' id='line_1_48' title="bbox 124 4593 562 4662; baseline 0.007 -17"><span class='ocrx_word' id='word_1_365' title='bbox 124 4594 248 4661; x_wconf 80' lang='lat' dir='ltr'>htingorn.</span> <span class='ocrx_word' id='word_1_366' title='bbox 284 4593 417 4647; x_wconf 84' lang='lat' dir='ltr'>Erasnrus’</span> <span class='ocrx_word' id='word_1_367' title='bbox 437 4593 562 4662; x_wconf 68' lang='lat' dir='ltr'>ridagiorr.</span> 
     </span>
    </p>
   </div>
   <div class='ocr_carea' id='block_1_5' title="bbox 0 0 1392 4966">
    <p class='ocr_par' dir='ltr' id='par_1_5' title="bbox 0 0 1392 4966">
     <span class='ocr_line' id='line_1_49' title="bbox 0 0 1392 4966; baseline 0 0"><span class='ocrx_word' id='word_1_368' title='bbox 0 0 1392 4966; x_wconf 95' lang='lat' dir='ltr'> </span> 
     </span>
    </p>
   </div>
  </div>
 </body>
</html>
