2774 4966
10 39 972 304 u

351 585 457 639 blutian
476 601 511 638 en
528 584 676 654 Nepotien.
713 584 817 641 Mutian
835 601 868 638 eu
888 584 988 640 Urbsn.
1171 586 1233 673 571

107 757 432 841 ᾳυίηᾳυθὶῒειηίοηθε
457 778 527 820 cum
553 756 667 822 Euritii
698 758 857 840 poematio
892 759 1040 840 quopiam
1077 760 1232 842 copulavi.

107 842 316 920 Quamobrem
341 843 423 907 dono
447 842 507 906 tibi
529 863 657 924 grossos
679 848 762 919 octo,
794 863 856 905 non
887 844 1031 919 ficulnus,
1063 845 1117 909 sed
1149 845 1235 926 prin-

107 930 200 1011 cipali
223 932 351 994 moneta
373 928 526 1010 insignes,
549 928 667 1008 quibus
689 930 763 992 istic
778 951 962 1011 germanum
980 952 1066 994 emas
1081 930 1233 994 libellum.

107 1013 196 1091 Quod
220 1016 247 1077 si
270 1015 413 1078 venalem
446 1035 602 1096 nusquam
638 1014 805 1091 inveneris,
838 1015 1046 1079 commodabo
1080 1023 1235 1094 nostrum,

107 1123 147 1163 ne
169 1099 315 1164 videatur
337 1122 392 1182 per
415 1122 464 1162 me
487 1100 622 1175 stetisse,
647 1122 709 1182 quo
741 1101 844 1163 minus
873 1099 1017 1182 proficias
1055 1101 1234 1165 ediscendo.

107 1187 192 1251 Bene
216 1186 294 1251 vale.
340 1185 455 1250 Datum
479 1184 575 1249 Xllll.
600 1183 666 1249 Cal.
690 1184 830 1250 Sextiles
852 1184 978 1248 MDXV.

262 1288 323 1342 Cod.
341 1286 408 1341 Frcl.
427 1286 487 1342 505.

109 1477 224 1546 (oona)
632 1462 704 1526 508.
962 1477 997 1542 (n.
1018 1476 1057 1530 ro.
1075 1475 1131 1528 Juu
1150 1476 1237 1542 1515.)

481 1584 626 1656 Mutian
649 1606 699 1656 an
722 1585 861 1656 Urban.

108 1716 170 1782 (Die
190 1716 391 1784 Georqentbuter
407 1714 492 1769 botru
508 1715 586 1768 maen
603 1714 729 1782 Erfurter
747 1713 856 1780 Hausen
873 1714 1026 1781 athersatha,
1048 1713 1125 1768 mherr
1147 1713 1237 1767 Reiter

104 1790 203 1853 pcto'tet,
230 1784 316 1881 etnrpe
337 1785 474 1853 pesanyen.
510 1783 651 1837 &donem
667 1782 731 1835 dbcr
747 1783 816 1835 dress
835 1782 951 1851 Simmrrq
968 1783 1012 1835 des
1029 1782 1163 1836 lbn'edens
1199 1781 1236 1834 Μ.

107 1853 154 1907 bat
180 1853 238 1906 dem
262 1853 398 1924 bepotr'on
424 1852 484 1906 sein
506 1854 594 1920 ethnos
616 1851 759 1920 &remittor
775 1867 827 1904 oon
848 1850 926 1905 Oetes
953 1850 1091 1905 Dratr'clren
1114 1850 1237 1920 peledros.

468 1920 521 1974 Lod
538 1922 582 1974 des
599 1921 741 1975 tdrtlr'ctreu
758 1920 878 1988 Broebrs.)

289 2036 492 2089 ornatissimo
510 2036 659 2097 magistro
677 2036 718 2086 Η.
735 2036 865 2086 Urbano
883 2037 927 2087 Μ.
946 2034 1058 2088 Rufus.

212 2148 244 2212 S.
291 2148 475 2212 hfferuntur
497 2149 536 2211 ad
560 2170 609 2212 me
632 2170 772 2212 rumores
795 2148 833 2210 de
857 2148 1045 2211 rusticorum
1075 2150 1108 2209 et
1138 2144 1238 2228 patris

109 2236 206 2297 uestri
240 2233 434 2299 insolentia.¹
481 2234 598 2298 Vellem
631 2255 693 2299 non
725 2235 771 2297 ite
799 2233 1049 2310 dominarentur,
1082 2237 1236 2313 tanquam

108 2324 300 2402 potestatem
336 2320 491 2384 haberent
524 2321 719 2385 insultantes
753 2318 996 2385 transeuntibus
1031 2340 1086 2402 per
1116 2317 1238 2382 silvam.

107 2405 348 2471 Nudiustertius
379 2406 618 2489 impressionem
646 2406 790 2471 feceruut
812 2405 844 2469 in
868 2404 1030 2470 eohortem
1064 2402 1239 2486 Erphurdi·

108 2491 231 2556 ensium
248 2497 280 2556 et
298 2492 480 2557 interclusis
503 2492 672 2558 itineribus
696 2495 848 2576 ceperunt
868 2491 993 2576 pedites
1009 2490 1141 2573 aliquot,
1159 2510 1239 2572 quos

107 2578 205 2641 veluti
244 2578 388 2660 captivos
422 2579 454 2642 in
488 2578 617 2643 vincula
653 2577 865 2661 conjecerunt.
924 2576 1025 2660 Regia
1062 2576 1114 2640 via
1151 2578 1241 2657 patet

108 2663 268 2739 omnibus,
286 2665 340 2744 qui
358 2663 607 2729 violentissimos
622 2663 731 2729 hostes
748 2668 990 2747 persequuntur.
1028 2661 1098 2726 Non
1117 2661 1240 2734 vestris,

108 2749 163 2813 sed
188 2750 377 2814 nocentibus
400 2752 470 2832 ipsa
493 2749 606 2814 cohors
629 2750 888 2815 submittebatur.
934 2750 1038 2813 Vestri
1065 2746 1241 2831 importuni

109 2856 309 2917 percussores
333 2836 428 2899 nimis
450 2837 620 2917 diligentes
644 2837 749 2900 adorti
771 2858 834 2900 rem
859 2835 1009 2917 ancipitis
1040 2833 1164 2898 consilii
1192 2833 1240 2896 di-

109 2943 234 3003 spersos
253 2922 450 3002 perturbant,
475 2943 537 2985 non
565 2923 633 2986 sine
657 2923 791 3004 strepitu
816 2926 848 2986 et
869 2921 1011 2985 tumultu
1035 2941 1150 3002 magna
1173 2941 1241 2983 car·

109 3006 313 3070 bonariorum
347 3030 442 3071 manu
478 3012 599 3072 coacta.
645 3007 777 3089 Equites
812 3028 875 3072 uno
910 3006 1077 3071 interiecto
1115 3006 1240 3070 duobus

108 3093 294 3176 interceptis
331 3094 466 3157 salutem
500 3094 531 3157 in
567 3094 643 3177 iuga
681 3093 855 3177 ponebant,
894 3093 1055 3176 peditibus
1092 3092 1240 3156 fortunae

108 3178 282 3242 cedendum
301 3178 371 3255 fuit,
390 3201 460 3243 curn
477 3180 618 3244 obsessis
634 3179 784 3244 omnibus
807 3181 867 3243 viis
890 3179 1088 3244 incursiones
1103 3176 1241 3242 rusticae

107 3263 327 3328 multitudinis
364 3285 425 3327 non
462 3270 611 3347 poterant
648 3266 812 3329 sustinere.
860 3265 974 3329 Actum
1010 3269 1067 3328 est.
1112 3263 1241 3327 Vestros

108 3348 224 3413 fiducia
257 3351 398 3414 locorum
431 3352 627 3416 confidentes
657 3353 742 3415 facit.
799 3350 973 3415 Arboribus
1008 3351 1116 3414 incisis
1149 3349 1241 3412 facile

109 3439 159 3496 est
180 3436 331 3517 impedire
355 3436 524 3517 quoslibet.
571 3437 641 3502 Non
666 3441 742 3500 sunt
764 3435 844 3501 hace
866 3437 924 3500 otii
948 3436 1167 3512 fundamenta,
1184 3434 1240 3499 sed

109 3521 226 3584 atrocis
261 3521 337 3585 belli
371 3543 494 3584 causae.
541 3523 604 3588 Oro
637 3523 749 3586 Jovem
785 3519 965 3596 Herceum‚²
1000 3525 1036 3585 ut
1067 3542 1144 3603 pace
1179 3519 1241 3584 frui

108 3604 211 3668 liceat.
258 3605 390 3671 Catonis
422 3606 555 3671 bloralia
577 3608 730 3672 Instituta
753 3630 824 3671 cum
848 3612 963 3689 nepote
986 3610 1042 3671 tuo
1065 3605 1241 3670 communi-

108 3712 218 3754 cemus
240 3691 300 3755 hac
323 3692 401 3775 lege,
426 3696 461 3755 ut
485 3694 622 3774 perlecta
647 3691 814 3757 remittat.²
859 3692 941 3770 Quid
972 3691 1032 3755 hoo
1062 3691 1125 3755 sihi
1154 3691 1240 3769 velit,

107 3777 226 3858 rogas?
271 3778 370 3859 Cujus
394 3783 442 3842 ost
465 3778 618 3842 libellus?
638 3794 643 3804 ·
661 3778 793 3856 Urbani,
818 3779 882 3842 imo
905 3777 1052 3854 Matiani,
1075 3778 1140 3842 imo
1163 3780 1239 3841 tuus

109 3865 141 3925 et
164 3884 262 3927 meus.
309 3863 412 3927 Citius
435 3886 546 3927 aurum
570 3863 779 3947 relinquerem
804 3885 900 3946 quam
925 3863 1088 3927 Catonem.
1135 3861 1241 3941 Amor,

178 4048 259 4101 ¹Dor
276 4048 451 4116 goschilderte
469 4049 569 4102 Vorlall
588 4048 671 4102 bildot
689 4048 747 4102 eine
764 4049 877 4116 Episode
896 4066 930 4102 zu
948 4050 999 4102 deu
1012 4048 1128 4109 Fehdeu,
1141 4046 1242 4101 welche

109 4115 146 4167 irn
165 4115 287 4169 Sourmer·
307 4119 372 4170 1515
390 4133 436 4169 um
455 4117 545 4171 Erturt
561 4118 658 4170 tobtcu.
696 4118 745 4170 Dio
763 4117 1017 4170 Erhirtermechten
1030 4115 1146 4169 Ausla'lle
1159 4132 1242 4184 gegeu

107 4184 150 4237 dio
178 4185 264 4237 nahon
292 4184 385 4238 Ddrter
402 4186 456 4238 und
475 4186 517 4238 die
535 4186 706 4239 stichsischcn
733 4186 861 4254 'liuppcn
898 4185 947 4238 Dic
974 4185 1017 4238 bei
1044 4184 1130 4237 oinom
1157 4184 1243 4237 dieser

108 4253 226 4306 Aussrille
252 4253 328 4320 (Juli)
353 4255 512 4322 getaugenen
532 4254 649 4306 Erfurter
666 4254 774 4306 wardon
793 4270 836 4307 arn
856 4256 895 4306 11.
916 4256 982 4321 Aug.
1002 4253 1041 4322 (iu
1060 4253 1146 4313 Gotha
1163 4251 1241 4305 allein

107 4320 151 4388 20)
172 4321 256 4375 durch
284 4320 402 4375 Sauhsou
431 4322 614 4390 hingcriehtot.
650 4322 846 4382 Burlrbardt,
871 4324 917 4376 das
942 4322 1005 4376 tolle
1031 4322 1104 4382 Jahr.
1132 4321 1157 4374 S.
1183 4320 1242 4374 415.

106 4389 359 4443 Felolrenstein.
378 4390 494 4445 Historia
512 4408 538 4442 r.
557 4391 653 4453 Edam,
671 4390 692 4453 Ι,
710 4391 795 4445 5581.
832 4391 881 4445 llie
898 4390 1017 4444 Erfurtor
1034 4390 1115 4443 iibten
1131 4388 1243 4455 Repres-

110 4458 193 4511 salieu
222 4474 304 4527 gegon
335 4459 385 4511 den
411 4458 616 4528 Georgonthaler
643 4458 702 4511 Hos.
738 4458 797 4527 Vgl.
821 4458 865 4512 Br.
883 4460 942 4514 505.
1013 4455 1151 4521 ’Ἐριοῖος
1175 4457 1200 4510 d.
1217 4456 1242 4532 l·

110 4524 275 4580 Besohtitnor
292 4527 338 4580 des
355 4526 467 4583 Heusos.
539 4526 626 4596 ⁸Vgl.
645 4527 696 4581 don
713 4542 767 4582 vor.
786 4526 829 4581 Br.
864 4527 995 4596 Nopotian
1017 4528 1080 4583 tend
1102 4525 1158 4581 also
1183 4525 1241 4576 kern

106 4592 249 4664 Exemplar
265 4594 389 4650 kauuieh.
650 4614 652 4619 ’
