2774 4966
420 37 1378 327 H-

154 646 218 712 228
586 642 674 699 Briefe
692 644 739 699 des
756 642 781 701 J.
802 641 876 701 1512.

779 738 793 781 t

162 820 245 882 enim
278 809 440 895 εὐθυμίαν
468 815 800 897 tranquillitatemque
830 821 984 895 nostram,
1019 822 1051 881 et
1079 838 1150 881 cum
1181 819 1295 900 paucis

157 907 310 967 contenta
333 904 375 967 sit
406 903 489 966 laeta
518 906 699 984 paupertas,
730 907 864 965 conatur
892 901 976 966 hanc
1005 908 1229 984 paupertatem
1253 904 1294 968 ad

158 989 292 1052 nihilum
319 990 467 1070 redigere.
514 987 598 1049 Idem
623 993 695 1049 astu
714 987 836 1068 ingenti
858 987 955 1050 elusit
970 994 1126 1064 senatum,
1144 990 1212 1071 pari
1230 990 1294 1053 cal-

159 1075 283 1137 liditate
307 1073 475 1135 officialem
493 1072 596 1142 acliit¹
614 1077 646 1133 et
663 1078 697 1134 ut
713 1072 834 1135 fraudis
849 1077 960 1135 tantae
977 1082 1144 1154 patronum
1164 1075 1293 1143 lrabeat.

157 1160 298 1223 associat
320 1160 381 1222 sibi
406 1159 539 1232 lllorum,
564 1158 664 1219 virum
689 1158 828 1219 omnium
848 1157 1077 1229 doctissimum,
1095 1159 1293 1239 eloquentis·

157 1246 272 1307 simum
302 1246 389 1307 etin
414 1244 500 1306 omni
531 1264 562 1305 re
585 1242 747 1323 primum.²
793 1241 980 1305 Consonant
1007 1244 1132 1324 igitur⁸
1158 1245 1222 1308 duo
1247 1245 1295 1308 lu-

159 1330 246 1393 mina
277 1330 397 1405 mundi,
429 1333 460 1391 et
484 1351 522 1390 ne
547 1327 622 1408 quid
646 1326 724 1389 mihi
753 1328 791 1389 ad
815 1327 964 1390 fiduciam
994 1329 1141 1410 supersit,
1176 1331 1296 1410 pariter

159 1416 278 1478 curiam
303 1416 434 1489 intrant,
459 1419 496 1476 ut
515 1412 636 1507 junctis
660 1412 780 1474 viribus
811 1434 910 1475 unum
934 1419 1080 1493 premant
1100 1411 1294 1479 Matianum.

161 1500 267 1563 Tanta
283 1504 332 1562 est
347 1488 502 1580 γιγάντων
518 1516 672 1571 ruovora,
689 1503 779 1560 tanta
796 1497 1104 1580 pseudadelphorum
1119 1499 1134 1537 l’
1149 1500 1294 1581 perfidia.

160 1585 221 1648 Sed
238 1585 265 1647 si
280 1584 379 1666 probo
397 1585 469 1646 novi
488 1583 752 1664 Sommeriugum,
768 1588 865 1663 caput
881 1583 1078 1661 Latinorum,
1095 1584 1296 1649 aberrabunt

157 1693 175 1733 a
196 1670 306 1750 janua.
352 1669 442 1744 Quod
475 1668 658 1741 moliuntur,
688 1668 779 1730 cedet
809 1668 1019 1749 inauspicato,
1047 1673 1207 1750 qnatenus
1238 1692 1295 1751 per

157 1777 228 1818 eum
253 1755 362 1817 stabit.
408 1753 488 1816 Nam
512 1753 694 1815 inordinata
717 1753 895 1833 confligunt
916 1754 984 1816 acie
1008 1753 1138 1819 ductore
1160 1754 1296 1819 Simone

160 1837 280 1921 lllag0.³
326 1839 404 1915 Quis
427 1839 536 1901 credat
559 1838 779 1900 sacerdotibus
803 1839 873 1900 istis
889 1860 957 1901 esse
973 1861 1078 1902 veram
1094 1840 1295 1922 religionem,

159 1926 315 2006 integram
356 1923 608 1987 conscientiam?
665 1924 792 1998 Quanto
828 1925 1003 1986 sanctiores
1036 1930 1113 1987 sunt
1145 1924 1295 1989 homines

159 2011 283 2093 poetici,
319 2011 374 2090 qui
405 2009 539 2072 occultis
562 2007 686 2071 artibus
709 2008 827 2071 nemini
859 2008 1065 2071 insidiantur!
1111 2009 1153 2074 Ut
1180 2011 1218 2074 de
1242 2033 1295 2074 me

156 2097 284 2175 loquar:
310 2094 476 2158 candidior
498 2116 568 2156 sum
591 2098 691 2174 atque
715 2093 915 2156 innocentior
937 2098 969 2156 et
992 2100 1099 2157 tamen
1124 2096 1294 2178 indignum

157 2203 207 2243 me
230 2201 342 2243 censeo
373 2180 471 2242 sacris
499 2177 680 2242 altaribus*
724 2179 766 2240 At
799 2179 899 2241 nostri
930 2185 1058 2260 propter
1086 2201 1291 2245 nummorum

156 2266 328 2346 aucupium
358 2265 488 2327 cottidie
512 2265 569 2327 deo
594 2264 674 2326 Pani
701 2262 895 2326 sacrificant‘
927 2271 960 2327 et
982 2266 1150 2346 inquinato
1177 2266 1295 2348 spiritu

161 2350 433 2430 Christigenam
457 2371 520 2411 non
545 2354 609 2411 tam
635 2356 823 2412 consecrant
854 2369 948 2429 quam
973 2348 1112 2413 foedant.
1158 2349 1296 2415 Osem·

161 2438 320 2517 piternum
347 2457 474 2511 numen,
498 2434 582 2514 quod
607 2435 656 2514 pie
672 2454 812 2510 veneror,
837 2455 945 2515 precor
968 2438 1004 2497 ut
1026 2435 1177 2499 audaciae
1200 2438 1296 2500 cleri·

162 2542 269 2583 corum
294 2520 522 2601 poenitentiam
552 2520 673 2599 aspires
696 2523 728 2581 et
750 2522 854 2581 errata
884 2519 1074 2583 confitentes
1097 2522 1206 2585 veniae
1230 2522 1296 2586 cle-

161 2607 277 2669 mentis
300 2605 427 2668 indultu
449 2604 595 2687 placatus
618 2605 789 2685 impertias.
838 2604 904 2668 Hoc
920 2626 969 2667 rue
985 2605 1095 2687 religio
1117 2606 1298 2671 christiana

159 2692 382 2772 docuitque
407 2690 554 2771 prohibet
581 2690 699 2752 malum
728 2689 811 2752 malo
843 2689 1042 2772 dispungere.
1089 2690 1220 2755 Cruciat
1245 2715 1297 2756 me

158 2786 265 2840 tamen
289 2782 322 2838 et
344 2776 435 2857 quasi
458 2774 574 2856 aflligit
601 2774 728 2838 fallacia
756 2774 901 2837 Lotiana.
949 2775 1057 2855 Neque
1088 2777 1174 2839 aliud
1201 2798 1298 2859 prae·

158 2863 274 2924 sidium
298 2862 436 2937 invenio,
461 2883 555 2941 quam
581 2865 617 2922 ut
629 2861 727 2941 judex
750 2882 815 2922 rem
833 2865 996 2940 tamquam
1014 2860 1088 2924 limo
1105 2862 1296 2944 impeditam

160 2949 219 3010 hoc
243 2969 350 3009 mense
375 2946 589 3027 inexpeditam
615 2947 784 3025 relinquat.
831 2944 993 3007 Hactenus
1022 2946 1170 3010 feriarum
1193 2949 1297 3028 privi-

162 3033 278 3112 legium
303 3031 461 3095 salubrem
485 3031 650 3112 praestitit
673 3030 921 3093 excusationem.
959 3030 1053 3094 [laxit
1069 3032 1157 3108 deuS,
1176 3039 1213 3095 ut
1230 3034 1297 3097 sal-

158 3123 220 3181 tom
254 3118 396 3199 quinque
429 3118 495 3179 dies
523 3115 646 3180 afesto
676 3114 911 3179 Bartholomaei
941 3117 1006 3178 sint
1036 3117 1167 3180 inutiles
1197 3117 1297 3182 Lotio

158 3211 254 3284 atque
277 3202 477 3265 infructuosi.
522 3201 591 3264 Erit
613 3202 695 3265 enim
733 3200 787 3263 illa
810 3199 974 3264 frustratio
1001 3202 1191 3266 mirabiliter
1216 3204 1298 3267 milri

158 3294 259 3370 grata.
306 3289 349 3350 nt
378 3287 625 3351 retardationem
656 3287 751 3348 faciet
785 3285 910 3348 exactio
940 3285 1087 3349 mulctae.
1134 3287 1214 3351 Nam
1239 3288 1298 3352 LX

158 3395 324 3438 aureorum
357 3395 460 3454 poena
489 3373 656 3434 commissa
684 3377 746 3446 est,
782 3391 877 3450 quam
908 3370 1020 3434 Lotius
1048 3372 1143 3436 debet
1170 3376 1298 3437 aerario

159 3456 423 3540 metropolitico⁶.
480 3457 563 3520 Vale.
621 3456 751 3520 Arnoldi
786 3453 900 3519 uostri⁷
934 3457 1112 3521 vehiculum
1148 3459 1299 3540 plurimis

159 3546 261 3608 literis
283 3565 389 3607 onera.

315 3642 376 3696 Cod.
395 3641 461 3696 Frcf.
481 3641 538 3696 212.

226 3828 316 3948 llffil’.
334 3812 426 3932 dl'lrllr
445 3811 772 3933 alilseldrlllldilllnlll}
790 3880 817 3931 in
835 3877 878 3931 ar.
897 3878 938 3929 aa.
957 3876 1006 3929 uu
1024 3878 1113 3932 noi-us
1130 3878 1174 3946 ug
1190 3876 1296 3932 unum

158 3951 223 4002 iilrcr
247 3950 290 4000 dio
316 3949 514 4001 Tarnbachsclrc
539 3948 655 4000 Plu'indc
679 3950 715 4000 iar
738 3949 826 4001 Struit.
858 3947 900 3999 Br.
929 3947 984 3998 169.
1006 3949 1062 4001 170.
1134 3946 1250 4001 ³Sclrou
1268 3948 1296 4000 iu

158 4019 200 4071 llr.
223 4019 271 4068 li?
288 4019 382 4083 spraelr
402 4016 436 4068 ll.
457 4034 507 4070 rou
526 4018 572 4068 dor
589 4018 704 4069 Sirnonie
723 4015 942 4083 (l'lriiudenlraul)
961 4015 1008 4065 des
1026 4016 1124 4071 letius.
1151 4015 1297 4069 l'iclleicht

158 4087 235 4154 spiclt
254 4103 282 4137 cr
301 4086 423 4153 zuglcich
444 4087 590 4138 uul'Sirnon
603 4086 719 4141 l'oltzlrc,
738 4087 787 4137 deu
807 4083 993 4152 gcgricrisclrcn
1006 4084 1235 4149 ltcclrtsbclstaud,
1252 4100 1296 4137 arr.

196 4158 205 4186 ⁴
226 4154 326 4206 llatian
347 4154 453 4205 braelrtc
471 4156 518 4206 das
538 4155 616 4220 llplcr
635 4159 687 4205 cist
706 4155 741 4204 ini
760 4154 784 4207 l.
806 4153 871 4205 loll
890 4153 943 4205 dar.
1010 4147 1084 4205 illei
1104 4155 1150 4205 dcr
1169 4153 1295 4205 Ilarlniu·

159 4241 229 4290 gung
248 4224 295 4274 dos
315 4224 406 4289 llpsors
425 4224 532 4275 wurdcu
551 4223 593 4274 dio
612 4223 758 4289 (lpferudca
779 4239 828 4272 ron
847 4220 984 4273 Frcundcu
1004 4222 1154 4274 tresclreukt.
1208 4220 1297 4273 rnen

160 4291 251 4343 liruud
269 4291 340 4358 gielit
367 4290 401 4342 M.
422 4291 447 4342 in
467 4291 509 4345 ΒΓ,
533 4293 579 4342 Ιῖ4
598 4308 638 4343 au.
711 4291 792 4342 ²riei·
814 4289 905 4341 Scriba
927 4290 973 4342 des
991 4290 1224 4346 Nounculrlostcrs,
1249 4290 1298 4342 der

159 4360 279 4427 zuglciclr
311 4360 392 4410 durcli
421 4360 476 4411 scin
501 4359 642 4410 Fulrrwmlr
670 4359 855 4411 Botcudieustc
874 4358 1006 4410 zu'isclrcn
1030 4358 1116 4411 Gothu
1132 4358 1187 4411 und
1208 4357 1296 4410 Erfurt

163 4429 328 4480 rerrnittcltc.
348 4430 373 4481 S.
393 4428 443 4479 223
462 4432 493 4481 A.
514 4429 536 4479 2.
