<?xml version="1.0" encoding="UTF-8"?>
<!DOCTYPE html PUBLIC "-//W3C//DTD XHTML 1.0 Transitional//EN"
    "http://www.w3.org/TR/xhtml1/DTD/xhtml1-transitional.dtd">
<html xmlns="http://www.w3.org/1999/xhtml" xml:lang="en" lang="en">
 <head>
  <title>
</title>
<meta http-equiv="Content-Type" content="text/html;charset=utf-8" />
  <meta name='ocr-system' content='tesseract 3.04.00' />
  <meta name='ocr-capabilities' content='ocr_page ocr_carea ocr_par ocr_line ocrx_word'/>
</head>
<body>
  <div class='ocr_page' id='page_1' title='image "./derbriefwechsel00kraugoog_0641.png"; bbox 0 0 2774 4966; ppageno 0'>
   <div class='ocr_carea' id='block_1_1' title="bbox 418 39 1379 263">
    <p class='ocr_par' dir='ltr' id='par_1_1' title="bbox 418 39 1379 263">
     <span class='ocr_line' id='line_1_1' title="bbox 418 39 1379 263; baseline 0.024 -23"><span class='ocrx_word' id='word_1_1' title='bbox 418 39 1379 263; x_wconf 88' lang='lat'>—</span> 
     </span>
     <span class='ocr_line' id='line_1_2' title="bbox 469 100 476 120; baseline 0 0"><span class='ocrx_word' id='word_1_2' title='bbox 469 100 476 120; x_wconf 71' lang='lat' dir='ltr'>b</span> 
     </span>
    </p>
   </div>
   <div class='ocr_carea' id='block_1_2' title="bbox 149 575 867 641">
    <p class='ocr_par' dir='ltr' id='par_1_2' title="bbox 149 575 867 641">
     <span class='ocr_line' id='line_1_3' title="bbox 149 575 867 641; baseline 0.017 -12"><span class='ocrx_word' id='word_1_3' title='bbox 149 575 214 640; x_wconf 79' lang='grc'>554</span> <span class='ocrx_word' id='word_1_4' title='bbox 579 581 668 638; x_wconf 80' lang='lat' dir='ltr'>Briete</span> <span class='ocrx_word' id='word_1_5' title='bbox 685 582 732 637; x_wconf 86' lang='lat' dir='ltr'>des</span> <span class='ocrx_word' id='word_1_6' title='bbox 749 584 774 639; x_wconf 86' lang='lat' dir='ltr'>J.</span> <span class='ocrx_word' id='word_1_7' title='bbox 794 586 867 641; x_wconf 81' lang='lat'>1515.</span> 
     </span>
    </p>
   </div>
   <div class='ocr_carea' id='block_1_3' title="bbox 149 789 1283 988">
    <p class='ocr_par' dir='ltr' id='par_1_3' title="bbox 149 789 1283 988">
     <span class='ocr_line' id='line_1_4' title="bbox 149 789 1283 880; baseline 0.014 -30"><span class='ocrx_word' id='word_1_8' title='bbox 149 797 264 865; x_wconf 65' lang='lat' dir='ltr'>rmus)</span> <span class='ocrx_word' id='word_1_9' title='bbox 676 789 749 855; x_wconf 88' lang='grc'><strong>490.</strong></span> <span class='ocrx_word' id='word_1_10' title='bbox 1055 809 1077 860; x_wconf 93' lang='lat'>1.</span> <span class='ocrx_word' id='word_1_11' title='bbox 1096 808 1162 863; x_wconf 76' lang='lat' dir='ltr'>runi</span> <span class='ocrx_word' id='word_1_12' title='bbox 1180 811 1283 880; x_wconf 80' lang='lat' dir='ltr'>(rurs).</span> 
     </span>
     <span class='ocr_line' id='line_1_5' title="bbox 503 913 927 988; baseline 0.017 -7"><span class='ocrx_word' id='word_1_13' title='bbox 503 913 648 983; x_wconf 86' lang='lat' dir='ltr'>Mutian</span> <span class='ocrx_word' id='word_1_14' title='bbox 669 934 718 984; x_wconf 91' lang='lat' dir='ltr'>an</span> <span class='ocrx_word' id='word_1_15' title='bbox 741 914 927 988; x_wconf 85' lang='lat' dir='ltr'>Voltzke.¹</span> 
     </span>
    </p>
   </div>
   <div class='ocr_carea' id='block_1_4' title="bbox 154 1034 1284 1185">
    <p class='ocr_par' dir='ltr' id='par_1_4' title="bbox 154 1034 1284 1185">
     <span class='ocr_line' id='line_1_6' title="bbox 154 1034 1284 1185; baseline 0.019 -99"><span class='ocrx_word' id='word_1_16' title='bbox 154 1034 244 1105; x_wconf 82' lang='lat' dir='ltr'>(Dant</span> <span class='ocrx_word' id='word_1_17' title='bbox 260 1036 308 1106; x_wconf 69' lang='lat' dir='ltr'>[tir</span> <span class='ocrx_word' id='word_1_18' title='bbox 325 1037 467 1111; x_wconf 71' lang='lat' dir='ltr'>Bcilepunp</span> <span class='ocrx_word' id='word_1_19' title='bbox 484 1041 527 1094; x_wconf 80' lang='lat' dir='ltr'>des</span> <span class='ocrx_word' id='word_1_20' title='bbox 546 1041 762 1165; x_wconf 51' lang='lat' dir='ltr'>Hausprodxaggas.</span> <span class='ocrx_word' id='word_1_21' title='bbox 787 1044 855 1185; x_wconf 55' lang='lat' dir='ltr'>ldie</span> <span class='ocrx_word' id='word_1_22' title='bbox 877 1046 1049 1104; x_wconf 76' lang='lat' dir='ltr'>Nurdlrdaaer</span> <span class='ocrx_word' id='word_1_23' title='bbox 1071 1050 1123 1104; x_wconf 77' lang='lat' dir='ltr'>soll</span> <span class='ocrx_word' id='word_1_24' title='bbox 1143 1051 1284 1106; x_wconf 51' lang='lat' dir='ltr'>&amp;metm</span> 
     </span>
     <span class='ocr_line' id='line_1_7' title="bbox 625 1127 790 1166; baseline -0.012 0"><span class='ocrx_word' id='word_1_25' title='bbox 625 1127 662 1166; x_wconf 82' lang='lat' dir='ltr'>un</span> <span class='ocrx_word' id='word_1_26' title='bbox 729 1128 790 1165; x_wconf 31' lang='lat' dir='ltr'>vum.</span> 
     </span>
    </p>
   </div>
   <div class='ocr_carea' id='block_1_5' title="bbox 304 1228 1132 1306">
    <p class='ocr_par' dir='ltr' id='par_1_5' title="bbox 304 1228 1132 1306">
     <span class='ocr_line' id='line_1_8' title="bbox 304 1228 1132 1306; baseline 0.002 -18"><span class='ocrx_word' id='word_1_27' title='bbox 304 1229 481 1288; x_wconf 76' lang='lat' dir='ltr'>Clarissimo</span> <span class='ocrx_word' id='word_1_28' title='bbox 500 1236 568 1288; x_wconf 80' lang='lat' dir='ltr'>vtro</span> <span class='ocrx_word' id='word_1_29' title='bbox 586 1237 624 1288; x_wconf 89' lang='lat' dir='ltr'>D.</span> <span class='ocrx_word' id='word_1_30' title='bbox 644 1231 761 1291; x_wconf 73' lang='lat' dir='ltr'>Simoni</span> <span class='ocrx_word' id='word_1_31' title='bbox 778 1232 915 1290; x_wconf 77' lang='lat' dir='ltr'>vnouoo</span> <span class='ocrx_word' id='word_1_32' title='bbox 934 1228 990 1305; x_wconf 77' lang='grc' dir='ltr'>(Μ.</span> <span class='ocrx_word' id='word_1_33' title='bbox 1007 1229 1132 1306; x_wconf 75' lang='lat' dir='ltr'>Rufus).</span> 
     </span>
    </p>
   </div>
   <div class='ocr_carea' id='block_1_6' title="bbox 148 1344 1286 3992">
    <p class='ocr_par' dir='ltr' id='par_1_6' title="bbox 148 1344 1286 3992">
     <span class='ocr_line' id='line_1_9' title="bbox 253 1344 1281 1434; baseline 0.004 -26"><span class='ocrx_word' id='word_1_34' title='bbox 253 1344 284 1408; x_wconf 88' lang='lat' dir='ltr'>S.</span> <span class='ocrx_word' id='word_1_35' title='bbox 330 1346 464 1409; x_wconf 81' lang='lat' dir='ltr'>Gratum</span> <span class='ocrx_word' id='word_1_36' title='bbox 501 1353 550 1410; x_wconf 89' lang='lat' dir='ltr'>est</span> <span class='ocrx_word' id='word_1_37' title='bbox 584 1348 661 1412; x_wconf 90' lang='lat' dir='ltr'>milri</span> <span class='ocrx_word' id='word_1_38' title='bbox 689 1353 721 1412; x_wconf 90' lang='lat' dir='ltr'>et</span> <span class='ocrx_word' id='word_1_39' title='bbox 749 1371 939 1434; x_wconf 84' lang='lat' dir='ltr'>magnopere</span> <span class='ocrx_word' id='word_1_40' title='bbox 967 1349 1155 1432; x_wconf 88' lang='lat' dir='ltr'>jucundum,</span> <span class='ocrx_word' id='word_1_41' title='bbox 1190 1370 1281 1430; x_wconf 86' lang='lat' dir='ltr'>prae-</span> 
     </span>
     <span class='ocr_line' id='line_1_10' title="bbox 150 1431 1283 1514; baseline 0.004 -22"><span class='ocrx_word' id='word_1_42' title='bbox 150 1431 347 1494; x_wconf 88' lang='lat' dir='ltr'>stantissime</span> <span class='ocrx_word' id='word_1_43' title='bbox 381 1438 526 1512; x_wconf 86' lang='lat' dir='ltr'>patrone,</span> <span class='ocrx_word' id='word_1_44' title='bbox 560 1435 644 1514; x_wconf 91' lang='lat' dir='ltr'>quod</span> <span class='ocrx_word' id='word_1_45' title='bbox 676 1436 862 1499; x_wconf 90' lang='lat' dir='ltr'>vicariorum</span> <span class='ocrx_word' id='word_1_46' title='bbox 898 1435 984 1499; x_wconf 88' lang='lat' dir='ltr'>litem</span> <span class='ocrx_word' id='word_1_47' title='bbox 1020 1434 1224 1498; x_wconf 88' lang='lat' dir='ltr'>subodiosam</span> <span class='ocrx_word' id='word_1_48' title='bbox 1249 1438 1283 1497; x_wconf 91' lang='lat' dir='ltr'>et</span> 
     </span>
     <span class='ocr_line' id='line_1_11' title="bbox 150 1516 1281 1601; baseline 0.002 -21"><span class='ocrx_word' id='word_1_49' title='bbox 150 1516 314 1580; x_wconf 74' lang='lat' dir='ltr'>molestam</span> <span class='ocrx_word' id='word_1_50' title='bbox 349 1517 447 1580; x_wconf 87' lang='lat' dir='ltr'>dilato</span> <span class='ocrx_word' id='word_1_51' title='bbox 478 1518 594 1600; x_wconf 90' lang='lat' dir='ltr'>judicis</span> <span class='ocrx_word' id='word_1_52' title='bbox 629 1518 735 1583; x_wconf 86' lang='lat' dir='ltr'>officio</span> <span class='ocrx_word' id='word_1_53' title='bbox 769 1525 922 1601; x_wconf 87' lang='lat' dir='ltr'>tanquam</span> <span class='ocrx_word' id='word_1_54' title='bbox 959 1521 1141 1601; x_wconf 76' lang='lat' dir='ltr'>pacificator</span> <span class='ocrx_word' id='word_1_55' title='bbox 1174 1526 1281 1583; x_wconf 87' lang='lat' dir='ltr'>extra-</span> 
     </span>
     <span class='ocr_line' id='line_1_12' title="bbox 148 1600 1281 1688; baseline 0.004 -25"><span class='ocrx_word' id='word_1_56' title='bbox 148 1600 308 1666; x_wconf 88' lang='lat' dir='ltr'>ordinaria</span> <span class='ocrx_word' id='word_1_57' title='bbox 339 1600 554 1678; x_wconf 83' lang='lat' dir='ltr'>auctoritate,²</span> <span class='ocrx_word' id='word_1_58' title='bbox 579 1608 614 1667; x_wconf 96' lang='lat' dir='ltr'>ut</span> <span class='ocrx_word' id='word_1_59' title='bbox 637 1607 772 1669; x_wconf 89' lang='lat' dir='ltr'>amicum</span> <span class='ocrx_word' id='word_1_60' title='bbox 805 1606 920 1679; x_wconf 85' lang='lat' dir='ltr'>decuit,</span> <span class='ocrx_word' id='word_1_61' title='bbox 951 1606 1174 1688; x_wconf 84' lang='lat' dir='ltr'>composueris.</span> <span class='ocrx_word' id='word_1_62' title='bbox 1223 1603 1281 1670; x_wconf 87' lang='lat' dir='ltr'>Ur·</span> 
     </span>
     <span class='ocr_line' id='line_1_13' title="bbox 148 1685 1282 1772; baseline 0.005 -24"><span class='ocrx_word' id='word_1_63' title='bbox 148 1685 268 1766; x_wconf 85' lang='lat' dir='ltr'>gabant</span> <span class='ocrx_word' id='word_1_64' title='bbox 301 1689 384 1751; x_wconf 91' lang='lat' dir='ltr'>enim</span> <span class='ocrx_word' id='word_1_65' title='bbox 420 1691 512 1772; x_wconf 81' lang='lat' dir='ltr'><strong>quasi</strong></span> <span class='ocrx_word' id='word_1_66' title='bbox 546 1690 670 1754; x_wconf 83' lang='lat' dir='ltr'>cedenti</span> <span class='ocrx_word' id='word_1_67' title='bbox 705 1691 838 1755; x_wconf 79' lang='lat' dir='ltr'>similem</span> <span class='ocrx_word' id='word_1_68' title='bbox 872 1692 1045 1755; x_wconf 87' lang='lat' dir='ltr'>adversarii</span> <span class='ocrx_word' id='word_1_69' title='bbox 1081 1689 1215 1754; x_wconf 78' lang='lat' dir='ltr'>licentes</span> <span class='ocrx_word' id='word_1_70' title='bbox 1248 1698 1282 1754; x_wconf 90' lang='lat' dir='ltr'>et</span> 
     </span>
     <span class='ocr_line' id='line_1_14' title="bbox 149 1772 1281 1856; baseline 0.003 -21"><span class='ocrx_word' id='word_1_71' title='bbox 149 1772 297 1837; x_wconf 87' lang='lat' dir='ltr'>audaculi</span> <span class='ocrx_word' id='word_1_72' title='bbox 321 1778 352 1835; x_wconf 90' lang='lat' dir='ltr'>et</span> <span class='ocrx_word' id='word_1_73' title='bbox 376 1796 425 1836; x_wconf 92' lang='lat' dir='ltr'>me</span> <span class='ocrx_word' id='word_1_74' title='bbox 449 1775 595 1856; x_wconf 89' lang='lat' dir='ltr'>majorem</span> <span class='ocrx_word' id='word_1_75' title='bbox 621 1776 652 1838; x_wconf 94' lang='lat' dir='ltr'>in</span> <span class='ocrx_word' id='word_1_76' title='bbox 679 1777 805 1839; x_wconf 91' lang='lat' dir='ltr'>modum</span> <span class='ocrx_word' id='word_1_77' title='bbox 830 1777 982 1841; x_wconf 88' lang='lat' dir='ltr'>conviciis</span> <span class='ocrx_word' id='word_1_78' title='bbox 1014 1775 1192 1840; x_wconf 87' lang='lat' dir='ltr'>onerabant</span> <span class='ocrx_word' id='word_1_79' title='bbox 1221 1775 1281 1839; x_wconf 90' lang='lat' dir='ltr'>ab·</span> 
     </span>
     <span class='ocr_line' id='line_1_15' title="bbox 149 1859 1280 1941; baseline 0.004 -22"><span class='ocrx_word' id='word_1_80' title='bbox 149 1863 280 1932; x_wconf 80' lang='lat' dir='ltr'>sentem,</span> <span class='ocrx_word' id='word_1_81' title='bbox 304 1864 349 1932; x_wconf 92' lang='lat' dir='ltr'>ut,</span> <span class='ocrx_word' id='word_1_82' title='bbox 374 1859 457 1940; x_wconf 92' lang='lat' dir='ltr'>quod</span> <span class='ocrx_word' id='word_1_83' title='bbox 482 1882 552 1923; x_wconf 89' lang='lat' dir='ltr'>mea</span> <span class='ocrx_word' id='word_1_84' title='bbox 574 1866 688 1941; x_wconf 86' lang='lat' dir='ltr'>sponte</span> <span class='ocrx_word' id='word_1_85' title='bbox 711 1861 853 1926; x_wconf 87' lang='lat' dir='ltr'>facturus</span> <span class='ocrx_word' id='word_1_86' title='bbox 877 1861 1006 1928; x_wconf 86' lang='lat' dir='ltr'>videbar</span> <span class='ocrx_word' id='word_1_87' title='bbox 1030 1861 1061 1924; x_wconf 89' lang='lat' dir='ltr'>in</span> <span class='ocrx_word' id='word_1_88' title='bbox 1079 1860 1280 1925; x_wconf 86' lang='lat' dir='ltr'>restituenda</span> 
     </span>
     <span class='ocr_line' id='line_1_16' title="bbox 150 1944 1283 2029; baseline 0.003 -23"><span class='ocrx_word' id='word_1_89' title='bbox 150 1944 253 2016; x_wconf 86' lang='lat' dir='ltr'>domn,</span> <span class='ocrx_word' id='word_1_90' title='bbox 278 1944 437 2007; x_wconf 85' lang='lat' dir='ltr'>idearum</span> <span class='ocrx_word' id='word_1_91' title='bbox 464 1945 600 2027; x_wconf 89' lang='lat' dir='ltr'>impulsu</span> <span class='ocrx_word' id='word_1_92' title='bbox 625 1951 754 2010; x_wconf 89' lang='lat' dir='ltr'>coactus</span> <span class='ocrx_word' id='word_1_93' title='bbox 777 1947 889 2012; x_wconf 85' lang='lat' dir='ltr'>fecisse</span> <span class='ocrx_word' id='word_1_94' title='bbox 909 1947 1075 2029; x_wconf 84' lang='lat' dir='ltr'>judicarer.</span> <span class='ocrx_word' id='word_1_95' title='bbox 1114 1945 1283 2010; x_wconf 77' lang='lat' dir='ltr'>Favebant</span> 
     </span>
     <span class='ocr_line' id='line_1_17' title="bbox 153 2027 1282 2116; baseline 0.001 -23"><span class='ocrx_word' id='word_1_96' title='bbox 153 2028 215 2093; x_wconf 91' lang='lat' dir='ltr'>illis</span> <span class='ocrx_word' id='word_1_97' title='bbox 239 2027 337 2092; x_wconf 84' lang='lat' dir='ltr'>Gothi</span> <span class='ocrx_word' id='word_1_98' title='bbox 361 2031 421 2093; x_wconf 88' lang='lat' dir='ltr'>mei</span> <span class='ocrx_word' id='word_1_99' title='bbox 445 2034 476 2092; x_wconf 91' lang='lat' dir='ltr'>et</span> <span class='ocrx_word' id='word_1_100' title='bbox 499 2052 600 2094; x_wconf 88' lang='lat' dir='ltr'>meam</span> <span class='ocrx_word' id='word_1_101' title='bbox 625 2032 888 2114; x_wconf 83' lang='lat' dir='ltr'>tranquillitatem</span> <span class='ocrx_word' id='word_1_102' title='bbox 912 2034 1060 2116; x_wconf 80' lang='lat' dir='ltr'>ignaviae</span> <span class='ocrx_word' id='word_1_103' title='bbox 1082 2029 1282 2108; x_wconf 84' lang='lat' dir='ltr'>tribuebant,</span> 
     </span>
     <span class='ocr_line' id='line_1_18' title="bbox 151 2114 1284 2200; baseline 0.003 -22"><span class='ocrx_word' id='word_1_104' title='bbox 151 2114 293 2178; x_wconf 88' lang='lat' dir='ltr'>dicentes</span> <span class='ocrx_word' id='word_1_105' title='bbox 329 2136 377 2178; x_wconf 89' lang='lat' dir='ltr'>me</span> <span class='ocrx_word' id='word_1_106' title='bbox 412 2115 560 2180; x_wconf 87' lang='lat' dir='ltr'>habuisse</span> <span class='ocrx_word' id='word_1_107' title='bbox 598 2117 692 2181; x_wconf 88' lang='lat' dir='ltr'>aedes</span> <span class='ocrx_word' id='word_1_108' title='bbox 730 2117 904 2196; x_wconf 89' lang='lat' dir='ltr'>derelictui,</span> <span class='ocrx_word' id='word_1_109' title='bbox 935 2119 1088 2200; x_wconf 88' lang='lat' dir='ltr'>iniquum</span> <span class='ocrx_word' id='word_1_110' title='bbox 1121 2138 1191 2181; x_wconf 87' lang='lat' dir='ltr'>esse</span> <span class='ocrx_word' id='word_1_111' title='bbox 1224 2117 1284 2181; x_wconf 91' lang='lat' dir='ltr'>ab·</span> 
     </span>
     <span class='ocr_line' id='line_1_19' title="bbox 150 2199 1281 2285; baseline 0.004 -23"><span class='ocrx_word' id='word_1_112' title='bbox 150 2199 274 2263; x_wconf 88' lang='lat' dir='ltr'>horrere</span> <span class='ocrx_word' id='word_1_113' title='bbox 309 2222 327 2262; x_wconf 86' lang='lat' dir='ltr'>a</span> <span class='ocrx_word' id='word_1_114' title='bbox 362 2201 480 2265; x_wconf 90' lang='lat' dir='ltr'>tabulis</span> <span class='ocrx_word' id='word_1_115' title='bbox 514 2201 694 2284; x_wconf 86' lang='lat' dir='ltr'>obsignatis</span> <span class='ocrx_word' id='word_1_116' title='bbox 727 2225 830 2284; x_wconf 86' lang='lat' dir='ltr'>neque</span> <span class='ocrx_word' id='word_1_117' title='bbox 868 2200 1058 2285; x_wconf 84' lang='lat' dir='ltr'>parentalia⁸</span> <span class='ocrx_word' id='word_1_118' title='bbox 1093 2223 1213 2277; x_wconf 90' lang='lat' dir='ltr'>curare,</span> <span class='ocrx_word' id='word_1_119' title='bbox 1247 2202 1281 2267; x_wconf 90' lang='lat' dir='ltr'>in</span> 
     </span>
     <span class='ocr_line' id='line_1_20' title="bbox 150 2285 1284 2370; baseline 0.002 -22"><span class='ocrx_word' id='word_1_120' title='bbox 150 2285 267 2366; x_wconf 89' lang='lat' dir='ltr'>quibus</span> <span class='ocrx_word' id='word_1_121' title='bbox 289 2286 376 2350; x_wconf 90' lang='lat' dir='ltr'>salus</span> <span class='ocrx_word' id='word_1_122' title='bbox 399 2293 430 2349; x_wconf 90' lang='lat' dir='ltr'>et</span> <span class='ocrx_word' id='word_1_123' title='bbox 454 2286 575 2351; x_wconf 89' lang='lat' dir='ltr'>coelum</span> <span class='ocrx_word' id='word_1_124' title='bbox 605 2290 794 2353; x_wconf 86' lang='lat' dir='ltr'>continetur.</span> <span class='ocrx_word' id='word_1_125' title='bbox 841 2289 926 2354; x_wconf 88' lang='lat' dir='ltr'>Haec</span> <span class='ocrx_word' id='word_1_126' title='bbox 956 2294 1054 2370; x_wconf 89' lang='lat' dir='ltr'>atque</span> <span class='ocrx_word' id='word_1_127' title='bbox 1085 2287 1149 2353; x_wconf 85' lang='lat' dir='ltr'>alia</span> <span class='ocrx_word' id='word_1_128' title='bbox 1178 2286 1284 2352; x_wconf 90' lang='lat' dir='ltr'>multa</span> 
     </span>
     <span class='ocr_line' id='line_1_21' title="bbox 150 2371 1283 2456; baseline 0.001 -21"><span class='ocrx_word' id='word_1_129' title='bbox 150 2371 332 2435; x_wconf 86' lang='lat' dir='ltr'>istiusmodi</span> <span class='ocrx_word' id='word_1_130' title='bbox 362 2394 432 2436; x_wconf 90' lang='lat' dir='ltr'>cum</span> <span class='ocrx_word' id='word_1_131' title='bbox 464 2374 531 2436; x_wconf 91' lang='lat' dir='ltr'>sine</span> <span class='ocrx_word' id='word_1_132' title='bbox 563 2373 679 2437; x_wconf 87' lang='lat' dir='ltr'>damno</span> <span class='ocrx_word' id='word_1_133' title='bbox 703 2397 761 2438; x_wconf 90' lang='lat' dir='ltr'>nec</span> <span class='ocrx_word' id='word_1_134' title='bbox 784 2376 883 2439; x_wconf 90' lang='lat' dir='ltr'>averti</span> <span class='ocrx_word' id='word_1_135' title='bbox 914 2397 971 2437; x_wconf 91' lang='lat' dir='ltr'>nec</span> <span class='ocrx_word' id='word_1_136' title='bbox 1001 2376 1100 2438; x_wconf 88' lang='lat' dir='ltr'>everti</span> <span class='ocrx_word' id='word_1_137' title='bbox 1131 2376 1283 2456; x_wconf 87' lang='lat' dir='ltr'>poterant</span> 
     </span>
     <span class='ocr_line' id='line_1_22' title="bbox 150 2457 1281 2542; baseline 0.001 -22"><span class='ocrx_word' id='word_1_138' title='bbox 150 2457 350 2536; x_wconf 82' lang='lat' dir='ltr'>(dicebantur</span> <span class='ocrx_word' id='word_1_139' title='bbox 387 2460 470 2522; x_wconf 89' lang='lat' dir='ltr'>enim</span> <span class='ocrx_word' id='word_1_140' title='bbox 508 2459 567 2523; x_wconf 89' lang='lat' dir='ltr'>sub</span> <span class='ocrx_word' id='word_1_141' title='bbox 603 2465 769 2541; x_wconf 88' lang='lat' dir='ltr'>praetextu</span> <span class='ocrx_word' id='word_1_142' title='bbox 804 2461 990 2542; x_wconf 83' lang='lat' dir='ltr'>religionis),</span> <span class='ocrx_word' id='word_1_143' title='bbox 1024 2481 1086 2524; x_wconf 89' lang='lat' dir='ltr'>non</span> <span class='ocrx_word' id='word_1_144' title='bbox 1122 2457 1281 2532; x_wconf 84' lang='lat' dir='ltr'>videbam,</span> 
     </span>
     <span class='ocr_line' id='line_1_23' title="bbox 153 2543 1282 2624; baseline 0.002 -19"><span class='ocrx_word' id='word_1_145' title='bbox 153 2563 217 2624; x_wconf 90' lang='lat' dir='ltr'>qua</span> <span class='ocrx_word' id='word_1_146' title='bbox 249 2543 373 2606; x_wconf 89' lang='lat' dir='ltr'>ratione</span> <span class='ocrx_word' id='word_1_147' title='bbox 396 2544 503 2608; x_wconf 88' lang='lat' dir='ltr'>liceret</span> <span class='ocrx_word' id='word_1_148' title='bbox 526 2545 622 2609; x_wconf 87' lang='lat' dir='ltr'>saluti</span> <span class='ocrx_word' id='word_1_149' title='bbox 644 2545 738 2609; x_wconf 89' lang='lat' dir='ltr'>simul</span> <span class='ocrx_word' id='word_1_150' title='bbox 763 2549 795 2608; x_wconf 91' lang='lat' dir='ltr'>et</span> <span class='ocrx_word' id='word_1_151' title='bbox 817 2547 862 2609; x_wconf 89' lang='lat' dir='ltr'>rei</span> <span class='ocrx_word' id='word_1_152' title='bbox 885 2546 1058 2610; x_wconf 89' lang='lat' dir='ltr'>consulere.</span> <span class='ocrx_word' id='word_1_153' title='bbox 1103 2543 1282 2608; x_wconf 89' lang='lat' dir='ltr'>Promisere</span> 
     </span>
     <span class='ocr_line' id='line_1_24' title="bbox 155 2628 1282 2713; baseline 0.002 -22"><span class='ocrx_word' id='word_1_154' title='bbox 155 2628 264 2692; x_wconf 89' lang='lat' dir='ltr'>vicarii</span> <span class='ocrx_word' id='word_1_155' title='bbox 286 2651 415 2693; x_wconf 89' lang='lat' dir='ltr'>aureum</span> <span class='ocrx_word' id='word_1_156' title='bbox 438 2652 590 2708; x_wconf 86' lang='lat' dir='ltr'>annuum,</span> <span class='ocrx_word' id='word_1_157' title='bbox 614 2632 718 2713; x_wconf 90' lang='lat' dir='ltr'>quoad</span> <span class='ocrx_word' id='word_1_158' title='bbox 743 2633 889 2704; x_wconf 84' lang='lat' dir='ltr'>viverem,</span> <span class='ocrx_word' id='word_1_159' title='bbox 914 2636 946 2695; x_wconf 88' lang='lat' dir='ltr'>et</span> <span class='ocrx_word' id='word_1_160' title='bbox 968 2635 1195 2695; x_wconf 89' lang='lat' dir='ltr'>testamentum</span> <span class='ocrx_word' id='word_1_161' title='bbox 1219 2629 1282 2694; x_wconf 91' lang='lat' dir='ltr'>im-</span> 
     </span>
     <span class='ocr_line' id='line_1_25' title="bbox 151 2713 1282 2800; baseline 0.002 -23"><span class='ocrx_word' id='word_1_162' title='bbox 151 2714 307 2778; x_wconf 88' lang='lat' dir='ltr'>molandis</span> <span class='ocrx_word' id='word_1_163' title='bbox 330 2715 443 2779; x_wconf 90' lang='lat' dir='ltr'>hostiis</span> <span class='ocrx_word' id='word_1_164' title='bbox 467 2722 618 2800; x_wconf 86' lang='lat' dir='ltr'>perpetuo</span> <span class='ocrx_word' id='word_1_165' title='bbox 648 2716 865 2780; x_wconf 68' lang='lat' dir='ltr'>servandum*</span> <span class='ocrx_word' id='word_1_166' title='bbox 908 2716 1009 2780; x_wconf 84' lang='lat' dir='ltr'>Erant</span> <span class='ocrx_word' id='word_1_167' title='bbox 1037 2716 1102 2792; x_wconf 92' lang='lat' dir='ltr'>alii,</span> <span class='ocrx_word' id='word_1_168' title='bbox 1135 2716 1190 2799; x_wconf 91' lang='lat' dir='ltr'>qui</span> <span class='ocrx_word' id='word_1_169' title='bbox 1221 2713 1282 2778; x_wconf 78' lang='lat' dir='ltr'>XX</span> 
     </span>
     <span class='ocr_line' id='line_1_26' title="bbox 152 2800 1281 2884; baseline 0 -21"><span class='ocrx_word' id='word_1_170' title='bbox 152 2821 264 2863; x_wconf 89' lang='lat' dir='ltr'>aureos</span> <span class='ocrx_word' id='word_1_171' title='bbox 287 2801 395 2865; x_wconf 88' lang='lat' dir='ltr'>statim</span> <span class='ocrx_word' id='word_1_172' title='bbox 420 2801 542 2866; x_wconf 88' lang='lat' dir='ltr'>dandos</span> <span class='ocrx_word' id='word_1_173' title='bbox 565 2801 798 2884; x_wconf 87' lang='lat' dir='ltr'>pollicerentur.</span> <span class='ocrx_word' id='word_1_174' title='bbox 824 2801 1016 2869; x_wconf 82' lang='lat' dir='ltr'>‚Universos</span> <span class='ocrx_word' id='word_1_175' title='bbox 1040 2800 1217 2884; x_wconf 86' lang='lat' dir='ltr'>repudiavi,</span> <span class='ocrx_word' id='word_1_176' title='bbox 1240 2821 1281 2863; x_wconf 88' lang='lat' dir='ltr'>ne</span> 
     </span>
     <span class='ocr_line' id='line_1_27' title="bbox 149 2884 1282 2970; baseline 0.001 -22"><span class='ocrx_word' id='word_1_177' title='bbox 149 2885 242 2950; x_wconf 88' lang='lat' dir='ltr'>fidem</span> <span class='ocrx_word' id='word_1_178' title='bbox 266 2884 338 2950; x_wconf 85' lang='lat' dir='ltr'>Tito</span> <span class='ocrx_word' id='word_1_179' title='bbox 360 2885 460 2950; x_wconf 89' lang='lat' dir='ltr'>Mario</span> <span class='ocrx_word' id='word_1_180' title='bbox 484 2888 590 2952; x_wconf 91' lang='lat' dir='ltr'>datam</span> <span class='ocrx_word' id='word_1_181' title='bbox 614 2888 680 2952; x_wconf 92' lang='lat' dir='ltr'>ulla</span> <span class='ocrx_word' id='word_1_182' title='bbox 702 2888 734 2950; x_wconf 93' lang='lat' dir='ltr'>in</span> <span class='ocrx_word' id='word_1_183' title='bbox 758 2892 848 2970; x_wconf 90' lang='lat' dir='ltr'>parte</span> <span class='ocrx_word' id='word_1_184' title='bbox 876 2886 1073 2954; x_wconf 73' lang='lat' dir='ltr'>resecarem*</span> <span class='ocrx_word' id='word_1_185' title='bbox 1118 2884 1282 2950; x_wconf 86' lang='lat' dir='ltr'>Successit</span> 
     </span>
     <span class='ocr_line' id='line_1_28' title="bbox 150 2971 1281 3054; baseline -0.002 -18"><span class='ocrx_word' id='word_1_186' title='bbox 150 2971 344 3036; x_wconf 87' lang='lat' dir='ltr'>inviolabilis</span> <span class='ocrx_word' id='word_1_187' title='bbox 374 2974 549 3037; x_wconf 89' lang='lat' dir='ltr'>auctoritas</span> <span class='ocrx_word' id='word_1_188' title='bbox 581 2977 656 3037; x_wconf 85' lang='lat' dir='ltr'>tuae</span> <span class='ocrx_word' id='word_1_189' title='bbox 690 2973 936 3051; x_wconf 88' lang='lat' dir='ltr'>intercessionis,</span> <span class='ocrx_word' id='word_1_190' title='bbox 971 2996 990 3036; x_wconf 89' lang='lat' dir='ltr'>a</span> <span class='ocrx_word' id='word_1_191' title='bbox 1023 2994 1088 3054; x_wconf 86' lang='lat' dir='ltr'>qua</span> <span class='ocrx_word' id='word_1_192' title='bbox 1110 2971 1281 3035; x_wconf 88' lang='lat' dir='ltr'>dissentire</span> 
     </span>
     <span class='ocr_line' id='line_1_29' title="bbox 150 3055 1283 3140; baseline 0 -20"><span class='ocrx_word' id='word_1_193' title='bbox 150 3059 223 3138; x_wconf 93' lang='lat' dir='ltr'>quis</span> <span class='ocrx_word' id='word_1_194' title='bbox 253 3057 381 3139; x_wconf 82' lang='lat' dir='ltr'>potest?</span> <span class='ocrx_word' id='word_1_195' title='bbox 424 3058 577 3123; x_wconf 88' lang='lat' dir='ltr'>Inventus</span> <span class='ocrx_word' id='word_1_196' title='bbox 600 3058 800 3140; x_wconf 88' lang='lat' dir='ltr'>estquidam</span> <span class='ocrx_word' id='word_1_197' title='bbox 833 3055 1088 3135; x_wconf 84' lang='lat' dir='ltr'>Northusensis,‘</span> <span class='ocrx_word' id='word_1_198' title='bbox 1118 3057 1179 3121; x_wconf 89' lang='lat' dir='ltr'>etsi</span> <span class='ocrx_word' id='word_1_199' title='bbox 1200 3056 1283 3121; x_wconf 90' lang='lat' dir='ltr'>mibi</span> 
     </span>
     <span class='ocr_line' id='line_1_30' title="bbox 150 3141 1282 3226; baseline -0.003 -19"><span class='ocrx_word' id='word_1_200' title='bbox 150 3143 290 3224; x_wconf 69' lang='lat' dir='ltr'>ignotus</span> <span class='ocrx_word' id='word_1_201' title='bbox 325 3165 386 3206; x_wconf 91' lang='lat' dir='ltr'>non</span> <span class='ocrx_word' id='word_1_202' title='bbox 421 3150 528 3207; x_wconf 89' lang='lat' dir='ltr'>tamen</span> <span class='ocrx_word' id='word_1_203' title='bbox 563 3144 835 3226; x_wconf 79' lang='lat' dir='ltr'>despicatissimae</span> <span class='ocrx_word' id='word_1_204' title='bbox 866 3143 970 3221; x_wconf 89' lang='lat' dir='ltr'>homo,</span> <span class='ocrx_word' id='word_1_205' title='bbox 994 3144 1049 3226; x_wconf 91' lang='lat' dir='ltr'>qui</span> <span class='ocrx_word' id='word_1_206' title='bbox 1072 3142 1198 3207; x_wconf 85' lang='lat' dir='ltr'>vicariis</span> <span class='ocrx_word' id='word_1_207' title='bbox 1220 3141 1282 3205; x_wconf 91' lang='lat' dir='ltr'>im-</span> 
     </span>
     <span class='ocr_line' id='line_1_31' title="bbox 150 3227 1280 3311; baseline 0 -21"><span class='ocrx_word' id='word_1_208' title='bbox 150 3250 280 3311; x_wconf 88' lang='lat' dir='ltr'>pensam</span> <span class='ocrx_word' id='word_1_209' title='bbox 317 3230 468 3292; x_wconf 85' lang='lat' dir='ltr'>resarciat</span> <span class='ocrx_word' id='word_1_210' title='bbox 491 3236 522 3292; x_wconf 91' lang='lat' dir='ltr'>et</span> <span class='ocrx_word' id='word_1_211' title='bbox 544 3230 701 3310; x_wconf 86' lang='lat' dir='ltr'>inquilino</span> <span class='ocrx_word' id='word_1_212' title='bbox 725 3229 904 3294; x_wconf 85' lang='lat' dir='ltr'>satisfaciat</span> <span class='ocrx_word' id='word_1_213' title='bbox 927 3233 959 3292; x_wconf 88' lang='lat' dir='ltr'>et</span> <span class='ocrx_word' id='word_1_214' title='bbox 981 3250 1084 3292; x_wconf 85' lang='lat' dir='ltr'>meam</span> <span class='ocrx_word' id='word_1_215' title='bbox 1107 3227 1280 3292; x_wconf 87' lang='lat' dir='ltr'>stationem</span> 
     </span>
     <span class='ocr_line' id='line_1_32' title="bbox 151 3313 1282 3397; baseline -0.002 -21"><span class='ocrx_word' id='word_1_216' title='bbox 151 3318 279 3378; x_wconf 88' lang='lat' dir='ltr'>strenue</span> <span class='ocrx_word' id='word_1_217' title='bbox 313 3313 510 3378; x_wconf 86' lang='lat' dir='ltr'>aedificando</span> <span class='ocrx_word' id='word_1_218' title='bbox 546 3316 708 3396; x_wconf 87' lang='lat' dir='ltr'>suscipiat,</span> <span class='ocrx_word' id='word_1_219' title='bbox 746 3315 830 3397; x_wconf 87' lang='lat' dir='ltr'>quod</span> <span class='ocrx_word' id='word_1_220' title='bbox 866 3315 984 3378; x_wconf 89' lang='lat' dir='ltr'>lactum</span> <span class='ocrx_word' id='word_1_221' title='bbox 1021 3313 1177 3377; x_wconf 86' lang='lat' dir='ltr'>industrio</span> <span class='ocrx_word' id='word_1_222' title='bbox 1212 3313 1282 3375; x_wconf 88' lang='lat' dir='ltr'>viro</span> 
     </span>
     <span class='ocr_line' id='line_1_33' title="bbox 151 3397 1281 3482; baseline -0.003 -19"><span class='ocrx_word' id='word_1_223' title='bbox 151 3399 282 3463; x_wconf 90' lang='lat' dir='ltr'>Nicolao</span> <span class='ocrx_word' id='word_1_224' title='bbox 320 3398 553 3480; x_wconf 83' lang='lat' dir='ltr'>Engelmanno⁷</span> <span class='ocrx_word' id='word_1_225' title='bbox 592 3402 693 3462; x_wconf 87' lang='lat' dir='ltr'>amico</span> <span class='ocrx_word' id='word_1_226' title='bbox 729 3399 961 3480; x_wconf 87' lang='lat' dir='ltr'>jucundissimo</span> <span class='ocrx_word' id='word_1_227' title='bbox 993 3398 1151 3482; x_wconf 86' lang='lat' dir='ltr'>placuisse</span> <span class='ocrx_word' id='word_1_228' title='bbox 1183 3397 1281 3461; x_wconf 89' lang='lat' dir='ltr'>audio</span> 
     </span>
     <span class='ocr_line' id='line_1_34' title="bbox 152 3484 1282 3566; baseline -0.003 -18"><span class='ocrx_word' id='word_1_229' title='bbox 152 3507 215 3548; x_wconf 90' lang='lat' dir='ltr'>non</span> <span class='ocrx_word' id='word_1_230' title='bbox 240 3485 346 3549; x_wconf 90' lang='lat' dir='ltr'>minus</span> <span class='ocrx_word' id='word_1_231' title='bbox 369 3508 463 3566; x_wconf 90' lang='lat' dir='ltr'>quam</span> <span class='ocrx_word' id='word_1_232' title='bbox 481 3492 561 3556; x_wconf 75' lang='lat' dir='ltr'>‚tuae</span> <span class='ocrx_word' id='word_1_233' title='bbox 584 3486 784 3548; x_wconf 88' lang='lat' dir='ltr'>eminentiae.</span> <span class='ocrx_word' id='word_1_234' title='bbox 832 3485 873 3548; x_wconf 84' lang='lat' dir='ltr'>Et</span> <span class='ocrx_word' id='word_1_235' title='bbox 896 3507 954 3566; x_wconf 82' lang='lat' dir='ltr'>ego</span> <span class='ocrx_word' id='word_1_236' title='bbox 977 3489 1062 3548; x_wconf 84' lang='lat' dir='ltr'>certo</span> <span class='ocrx_word' id='word_1_237' title='bbox 1086 3484 1152 3548; x_wconf 89' lang='lat' dir='ltr'>scio</span> <span class='ocrx_word' id='word_1_238' title='bbox 1175 3486 1282 3546; x_wconf 87' lang='lat' dir='ltr'>statu-</span> 
     </span>
     <span class='ocr_line' id='line_1_35' title="bbox 152 3567 1282 3652; baseline -0.003 -18"><span class='ocrx_word' id='word_1_239' title='bbox 152 3569 214 3634; x_wconf 88' lang='lat' dir='ltr'>isse</span> <span class='ocrx_word' id='word_1_240' title='bbox 244 3591 300 3633; x_wconf 89' lang='lat' dir='ltr'>vos</span> <span class='ocrx_word' id='word_1_241' title='bbox 330 3571 442 3634; x_wconf 89' lang='lat' dir='ltr'>ambos</span> <span class='ocrx_word' id='word_1_242' title='bbox 474 3571 634 3652; x_wconf 91' lang='lat' dir='ltr'>sapienter</span> <span class='ocrx_word' id='word_1_243' title='bbox 656 3576 688 3632; x_wconf 94' lang='lat' dir='ltr'>et</span> <span class='ocrx_word' id='word_1_244' title='bbox 709 3571 856 3651; x_wconf 86' lang='lat' dir='ltr'>gnaviter</span> <span class='ocrx_word' id='word_1_245' title='bbox 886 3570 1003 3634; x_wconf 90' lang='lat' dir='ltr'>omnia.</span> <span class='ocrx_word' id='word_1_246' title='bbox 1049 3569 1153 3646; x_wconf 86' lang='lat' dir='ltr'>Quare</span> <span class='ocrx_word' id='word_1_247' title='bbox 1185 3567 1282 3631; x_wconf 89' lang='lat' dir='ltr'>velim</span> 
     </span>
     <span class='ocr_line' id='line_1_36' title="bbox 153 3653 1283 3738; baseline -0.004 -18"><span class='ocrx_word' id='word_1_248' title='bbox 153 3655 231 3720; x_wconf 90' lang='lat' dir='ltr'>mihi</span> <span class='ocrx_word' id='word_1_249' title='bbox 260 3656 473 3738; x_wconf 87' lang='lat' dir='ltr'>respondeant</span> <span class='ocrx_word' id='word_1_250' title='bbox 502 3656 621 3733; x_wconf 89' lang='lat' dir='ltr'>vicarii,</span> <span class='ocrx_word' id='word_1_251' title='bbox 644 3677 684 3718; x_wconf 89' lang='lat' dir='ltr'>an</span> <span class='ocrx_word' id='word_1_252' title='bbox 709 3660 846 3719; x_wconf 89' lang='lat' dir='ltr'>vestram</span> <span class='ocrx_word' id='word_1_253' title='bbox 878 3657 973 3720; x_wconf 87' lang='lat' dir='ltr'>etiam</span> <span class='ocrx_word' id='word_1_254' title='bbox 1002 3654 1114 3718; x_wconf 89' lang='lat' dir='ltr'>talium</span> <span class='ocrx_word' id='word_1_255' title='bbox 1141 3653 1283 3716; x_wconf 91' lang='lat' dir='ltr'>virorum</span> 
     </span>
     <span class='ocr_line' id='line_1_37' title="bbox 152 3739 1280 3823; baseline -0.004 -19"><span class='ocrx_word' id='word_1_256' title='bbox 152 3741 354 3823; x_wconf 89' lang='lat' dir='ltr'>prudentiam</span> <span class='ocrx_word' id='word_1_257' title='bbox 385 3741 628 3805; x_wconf 83' lang='lat' dir='ltr'>calumnientur.</span> <span class='ocrx_word' id='word_1_258' title='bbox 676 3739 711 3804; x_wconf 86' lang='lat' dir='ltr'>Si</span> <span class='ocrx_word' id='word_1_259' title='bbox 738 3739 825 3804; x_wconf 89' lang='lat' dir='ltr'>litem</span> <span class='ocrx_word' id='word_1_260' title='bbox 854 3741 895 3804; x_wconf 92' lang='lat' dir='ltr'>ad</span> <span class='ocrx_word' id='word_1_261' title='bbox 922 3741 1198 3804; x_wconf 82' lang='lat' dir='ltr'>internecionem·</span> <span class='ocrx_word' id='word_1_262' title='bbox 1225 3759 1280 3801; x_wconf 84' lang='lat' dir='ltr'>sx-</span> 
     </span>
     <span class='ocr_line' id='line_1_38' title="bbox 152 3822 1286 3905; baseline -0.003 -15"><span class='ocrx_word' id='word_1_263' title='bbox 152 3827 302 3890; x_wconf 87' lang='lat' dir='ltr'>stinctam</span> <span class='ocrx_word' id='word_1_264' title='bbox 326 3848 394 3890; x_wconf 88' lang='lat' dir='ltr'>esse</span> <span class='ocrx_word' id='word_1_265' title='bbox 418 3826 612 3905; x_wconf 87' lang='lat' dir='ltr'>fatebuntur,</span> <span class='ocrx_word' id='word_1_266' title='bbox 636 3825 716 3888; x_wconf 91' lang='lat' dir='ltr'>bene</span> <span class='ocrx_word' id='word_1_267' title='bbox 732 3825 837 3889; x_wconf 89' lang='lat' dir='ltr'>habet.</span> <span class='ocrx_word' id='word_1_268' title='bbox 884 3824 918 3890; x_wconf 87' lang='lat' dir='ltr'>Si</span> <span class='ocrx_word' id='word_1_269' title='bbox 941 3830 977 3888; x_wconf 92' lang='lat' dir='ltr'>ut</span> <span class='ocrx_word' id='word_1_270' title='bbox 999 3825 1101 3905; x_wconf 88' lang='lat' dir='ltr'>inepti</span> <span class='ocrx_word' id='word_1_271' title='bbox 1123 3827 1156 3887; x_wconf 88' lang='lat' dir='ltr'>et</span> <span class='ocrx_word' id='word_1_272' title='bbox 1177 3822 1286 3887; x_wconf 82' lang='lat' dir='ltr'>frivoli</span> 
     </span>
     <span class='ocr_line' id='line_1_39' title="bbox 153 3910 1285 3992; baseline -0.003 -17"><span class='ocrx_word' id='word_1_273' title='bbox 153 3912 393 3976; x_wconf 83' lang='lat' dir='ltr'>commenticias</span> <span class='ocrx_word' id='word_1_274' title='bbox 415 3911 529 3975; x_wconf 90' lang='lat' dir='ltr'>salutis</span> <span class='ocrx_word' id='word_1_275' title='bbox 552 3911 732 3975; x_wconf 89' lang='lat' dir='ltr'>venditores</span> <span class='ocrx_word' id='word_1_276' title='bbox 755 3913 981 3974; x_wconf 86' lang='lat' dir='ltr'>testamentum</span> <span class='ocrx_word' id='word_1_277' title='bbox 1004 3910 1179 3992; x_wconf 89' lang='lat' dir='ltr'>requirunt,</span> <span class='ocrx_word' id='word_1_278' title='bbox 1209 3912 1285 3988; x_wconf 90' lang='lat' dir='ltr'>peto</span> 
     </span>
    </p>
   </div>
   <div class='ocr_carea' id='block_1_7' title="bbox 157 4114 1289 4521">
    <p class='ocr_par' dir='ltr' id='par_1_7' title="bbox 222 4114 450 4166">
     <span class='ocr_line' id='line_1_40' title="bbox 222 4114 450 4166; baseline 0 0"><span class='ocrx_word' id='word_1_279' title='bbox 222 4129 236 4157; x_wconf 64' lang='grc' dir='ltr'>ι</span> <span class='ocrx_word' id='word_1_280' title='bbox 249 4114 450 4166; x_wconf 86' lang='lat' dir='ltr'>internitionem.</span> 
     </span>
    </p>

    <p class='ocr_par' dir='ltr' id='par_1_8' title="bbox 157 4175 1289 4521">
     <span class='ocr_line' id='line_1_41' title="bbox 225 4175 1286 4248; baseline -0.008 -13"><span class='ocrx_word' id='word_1_281' title='bbox 225 4185 232 4214; x_wconf 93' lang='lat'>¹</span> <span class='ocrx_word' id='word_1_282' title='bbox 252 4183 276 4236; x_wconf 84' lang='lat' dir='ltr'>S.</span> <span class='ocrx_word' id='word_1_283' title='bbox 295 4183 326 4234; x_wconf 80' lang='lat'>81</span> <span class='ocrx_word' id='word_1_284' title='bbox 347 4185 378 4235; x_wconf 77' lang='lat' dir='ltr'>A.</span> <span class='ocrx_word' id='word_1_285' title='bbox 398 4182 422 4235; x_wconf 81' lang='lat'>2.</span> <span class='ocrx_word' id='word_1_286' title='bbox 493 4179 578 4248; x_wconf 71' lang='lat' dir='ltr'>&#39;&#39;Vgl</span> <span class='ocrx_word' id='word_1_287' title='bbox 598 4179 640 4231; x_wconf 82' lang='grc' dir='ltr'>Βι·Ι</span> <span class='ocrx_word' id='word_1_288' title='bbox 659 4181 710 4231; x_wconf 81' lang='grc'>437</span> <span class='ocrx_word' id='word_1_289' title='bbox 730 4196 761 4231; x_wconf 87' lang='lat' dir='ltr'>an</span> <span class='ocrx_word' id='word_1_290' title='bbox 781 4178 959 4244; x_wconf 74' lang='lat' dir='ltr'>Sdnrmeriug:</span> <span class='ocrx_word' id='word_1_291' title='bbox 978 4175 1101 4229; x_wconf 78' lang='lat' dir='ltr'>»Dimitte</span> <span class='ocrx_word' id='word_1_292' title='bbox 1120 4175 1184 4228; x_wconf 90' lang='lat' dir='ltr'>istos</span> <span class='ocrx_word' id='word_1_293' title='bbox 1202 4192 1220 4227; x_wconf 90' lang='lat' dir='ltr'>a</span> <span class='ocrx_word' id='word_1_294' title='bbox 1236 4178 1286 4228; x_wconf 86' lang='lat' dir='ltr'>trr-</span> 
     </span>
     <span class='ocr_line' id='line_1_42' title="bbox 158 4243 1287 4304; baseline -0.006 0"><span class='ocrx_word' id='word_1_295' title='bbox 158 4251 248 4304; x_wconf 83' lang='lat' dir='ltr'>bunali</span> <span class='ocrx_word' id='word_1_296' title='bbox 267 4252 298 4302; x_wconf 91' lang='lat' dir='ltr'>nd</span> <span class='ocrx_word' id='word_1_297' title='bbox 324 4248 555 4302; x_wconf 79' lang='lat' dir='ltr'>extraordinariam</span> <span class='ocrx_word' id='word_1_298' title='bbox 583 4252 655 4299; x_wconf 89' lang='lat' dir='ltr'>tuam</span> <span class='ocrx_word' id='word_1_299' title='bbox 681 4247 863 4299; x_wconf 69' lang='lat' dir='ltr'>audientium«</span> <span class='ocrx_word' id='word_1_300' title='bbox 899 4246 1009 4299; x_wconf 72' lang='lat' dir='ltr'>l&#39;oltzlre</span> <span class='ocrx_word' id='word_1_301' title='bbox 1035 4244 1139 4297; x_wconf 86' lang='lat' dir='ltr'>scheint</span> <span class='ocrx_word' id='word_1_302' title='bbox 1165 4243 1221 4296; x_wconf 85' lang='lat' dir='ltr'>also</span> <span class='ocrx_word' id='word_1_303' title='bbox 1248 4246 1287 4297; x_wconf 88' lang='lat' dir='ltr'>im</span> 
     </span>
     <span class='ocr_line' id='line_1_43' title="bbox 158 4312 1288 4386; baseline -0.007 -13"><span class='ocrx_word' id='word_1_304' title='bbox 158 4322 283 4386; x_wconf 73' lang='lat' dir='ltr'>dustrage</span> <span class='ocrx_word' id='word_1_305' title='bbox 308 4318 485 4383; x_wconf 76' lang='lat' dir='ltr'>Stimrneringa</span> <span class='ocrx_word' id='word_1_306' title='bbox 509 4315 653 4368; x_wconf 77' lang='lat' dir='ltr'>vernrittelt</span> <span class='ocrx_word' id='word_1_307' title='bbox 671 4333 702 4367; x_wconf 90' lang='lat' dir='ltr'>zu</span> <span class='ocrx_word' id='word_1_308' title='bbox 721 4316 814 4379; x_wconf 86' lang='lat' dir='ltr'>haben,</span> <span class='ocrx_word' id='word_1_309' title='bbox 842 4315 929 4366; x_wconf 85' lang='lat' dir='ltr'>zumal</span> <span class='ocrx_word' id='word_1_310' title='bbox 952 4329 980 4366; x_wconf 90' lang='lat' dir='ltr'>cr·</span> <span class='ocrx_word' id='word_1_311' title='bbox 1006 4312 1126 4377; x_wconf 78' lang='lat' dir='ltr'>augleioh</span> <span class='ocrx_word' id='word_1_312' title='bbox 1153 4312 1288 4365; x_wconf 66' lang='lat' dir='ltr'>l&#39;orstand</span> 
     </span>
     <span class='ocr_line' id='line_1_44' title="bbox 157 4381 1288 4441; baseline -0.007 0"><span class='ocrx_word' id='word_1_313' title='bbox 157 4389 203 4441; x_wconf 92' lang='lat' dir='ltr'>der</span> <span class='ocrx_word' id='word_1_314' title='bbox 220 4387 318 4439; x_wconf 78' lang='lat' dir='ltr'>Vitare</span> <span class='ocrx_word' id='word_1_315' title='bbox 337 4388 383 4439; x_wconf 83' lang='lat' dir='ltr'>der·</span> <span class='ocrx_word' id='word_1_316' title='bbox 400 4384 592 4439; x_wconf 83' lang='lat' dir='ltr'>Marienlrircha</span> <span class='ocrx_word' id='word_1_317' title='bbox 610 4384 635 4435; x_wconf 92' lang='lat' dir='ltr'>in</span> <span class='ocrx_word' id='word_1_318' title='bbox 655 4384 743 4436; x_wconf 71' lang='lat' dir='ltr'>Erfurt</span> <span class='ocrx_word' id='word_1_319' title='bbox 761 4401 822 4435; x_wconf 66' lang='lat' dir='ltr'>wara</span> <span class='ocrx_word' id='word_1_320' title='bbox 893 4383 969 4436; x_wconf 82' lang='lat' dir='ltr'>⁸Dia</span> <span class='ocrx_word' id='word_1_321' title='bbox 987 4381 1152 4433; x_wconf 86' lang='lat' dir='ltr'>Seelmessen</span> <span class='ocrx_word' id='word_1_322' title='bbox 1175 4381 1219 4431; x_wconf 78' lang='lat' dir='ltr'>fiir</span> <span class='ocrx_word' id='word_1_323' title='bbox 1244 4381 1288 4433; x_wconf 89' lang='lat' dir='ltr'>die</span> 
     </span>
     <span class='ocr_line' id='line_1_45' title="bbox 158 4448 1289 4521; baseline -0.008 -12"><span class='ocrx_word' id='word_1_324' title='bbox 158 4456 345 4509; x_wconf 83' lang='lat' dir='ltr'>verstorbcnon</span> <span class='ocrx_word' id='word_1_325' title='bbox 363 4455 472 4507; x_wconf 77' lang='lat' dir='ltr'>Brr&#39;ideu</span> <span class='ocrx_word' id='word_1_326' title='bbox 500 4452 543 4505; x_wconf 63' lang='grc' dir='ltr'>ΒΥ.</span> <span class='ocrx_word' id='word_1_327' title='bbox 563 4453 620 4505; x_wconf 76' lang='grc'><strong>225.</strong></span> <span class='ocrx_word' id='word_1_328' title='bbox 692 4451 777 4521; x_wconf 69' lang='lat' dir='ltr'>*vgr</span> <span class='ocrx_word' id='word_1_329' title='bbox 796 4451 838 4504; x_wconf 91' lang='lat' dir='ltr'>Br.</span> <span class='ocrx_word' id='word_1_330' title='bbox 858 4450 916 4504; x_wconf 81' lang='lat'><strong>227.</strong></span> <span class='ocrx_word' id='word_1_331' title='bbox 987 4448 1057 4501; x_wconf 63' lang='grc' dir='ltr'>ὁΒτ.</span> <span class='ocrx_word' id='word_1_332' title='bbox 1076 4448 1136 4502; x_wconf 82' lang='grc'>295.</span> <span class='ocrx_word' id='word_1_333' title='bbox 1206 4448 1289 4502; x_wconf 79' lang='lat' dir='ltr'>⁶Ein</span> 
     </span>
    </p>
   </div>
   <div class='ocr_carea' id='block_1_8' title="bbox 147 4515 1288 4662">
    <p class='ocr_par' dir='ltr' id='par_1_9' title="bbox 147 4515 1288 4662">
     <span class='ocr_line' id='line_1_46' title="bbox 154 4515 1288 4586; baseline -0.007 -7"><span class='ocrx_word' id='word_1_334' title='bbox 154 4525 238 4579; x_wconf 76' lang='lat' dir='ltr'>Vitat</span> <span class='ocrx_word' id='word_1_335' title='bbox 259 4540 293 4578; x_wconf 87' lang='lat' dir='ltr'>an</span> <span class='ocrx_word' id='word_1_336' title='bbox 319 4524 366 4578; x_wconf 88' lang='lat' dir='ltr'>der</span> <span class='ocrx_word' id='word_1_337' title='bbox 391 4521 583 4578; x_wconf 86' lang='lat' dir='ltr'>Marienkircha</span> <span class='ocrx_word' id='word_1_338' title='bbox 600 4520 628 4572; x_wconf 89' lang='lat' dir='ltr'>in</span> <span class='ocrx_word' id='word_1_339' title='bbox 645 4520 741 4586; x_wconf 78' lang='lat' dir='ltr'>Erturt,</span> <span class='ocrx_word' id='word_1_340' title='bbox 759 4520 809 4572; x_wconf 86' lang='lat' dir='ltr'>wie</span> <span class='ocrx_word' id='word_1_341' title='bbox 827 4519 929 4572; x_wconf 77' lang='lat' dir='ltr'>llutian</span> <span class='ocrx_word' id='word_1_342' title='bbox 947 4521 1023 4572; x_wconf 86' lang='lat' dir='ltr'>unter</span> <span class='ocrx_word' id='word_1_343' title='bbox 1040 4517 1101 4569; x_wconf 87' lang='lat' dir='ltr'>dem</span> <span class='ocrx_word' id='word_1_344' title='bbox 1119 4515 1160 4572; x_wconf 84' lang='lat'>22.</span> <span class='ocrx_word' id='word_1_345' title='bbox 1177 4515 1236 4569; x_wconf 85' lang='lat' dir='ltr'>Juli</span> <span class='ocrx_word' id='word_1_346' title='bbox 1253 4533 1288 4571; x_wconf 83' lang='lat' dir='ltr'>an</span> 
     </span>
     <span class='ocr_line' id='line_1_47' title="bbox 147 4586 1140 4662; baseline -0.011 -12"><span class='ocrx_word' id='word_1_347' title='bbox 147 4594 371 4654; x_wconf 69' lang='lat' dir='ltr'>&#39;mesomelas</span> <span class='ocrx_word' id='word_1_348' title='bbox 410 4593 455 4652; x_wconf 90' lang='lat' dir='ltr'>Br.</span> <span class='ocrx_word' id='word_1_349' title='bbox 475 4593 537 4652; x_wconf 73' lang='lat'>535.</span> <span class='ocrx_word' id='word_1_350' title='bbox 610 4589 701 4662; x_wconf 60' lang='lat' dir='ltr'>ligi.</span> <span class='ocrx_word' id='word_1_351' title='bbox 715 4588 764 4645; x_wconf 77' lang='lat' dir='ltr'>ur.</span> <span class='ocrx_word' id='word_1_352' title='bbox 779 4590 832 4644; x_wconf 70' lang='lat' dir='ltr'>aar</span> <span class='ocrx_word' id='word_1_353' title='bbox 851 4589 911 4643; x_wconf 73' lang='lat' dir='ltr'>rm</span> <span class='ocrx_word' id='word_1_354' title='bbox 1104 4623 1105 4627; x_wconf 65' lang='lat'>,</span> <span class='ocrx_word' id='word_1_355' title='bbox 1137 4586 1140 4591; x_wconf 82' lang='grc'><em>’</em></span> 
     </span>
    </p>
   </div>
   <div class='ocr_carea' id='block_1_9' title="bbox 0 0 1394 4966">
    <p class='ocr_par' dir='ltr' id='par_1_10' title="bbox 0 0 1394 4966">
     <span class='ocr_line' id='line_1_48' title="bbox 0 0 1394 4966; baseline 0 0"><span class='ocrx_word' id='word_1_356' title='bbox 0 0 1394 4966; x_wconf 95' lang='lat' dir='ltr'> </span> 
     </span>
    </p>
   </div>
  </div>
 </body>
</html>
