2774 4966
379 39 1333 306 l-

123 627 187 692 438
553 627 640 680 Briele
658 624 705 678 des
722 624 747 678 J.
768 622 841 678 1514.

126 819 189 863 rem
215 798 376 880 vulgariae
397 793 596 876 κενοδοξίας,
627 798 709 861 clero
740 802 847 861 tamen
880 795 990 860 utilem
1025 793 1138 878 (stipes
1171 796 1257 861 enim

126 885 243 967 passim
261 882 490 964 cumulantur):
508 885 630 947 revenit
645 885 712 947 sine
729 882 818 945 libris
837 882 1024 963 expetendis
1039 882 1258 964 legendisqne,

126 969 387 1033 Constantinum¹
424 969 547 1051 excipio
581 974 614 1031 et
646 970 816 1032 Accessum
850 965 987 1031 altaris²
1037 966 1078 1028 Et
1112 988 1184 1032 cum
1219 969 1259 1031 de

126 1075 212 1119 more
242 1056 398 1118 rationem
429 1054 574 1118 redderet
602 1055 843 1136 procurationis
876 1054 959 1116 dixit
982 1053 1172 1132 expendisse
1198 1054 1260 1117 tris

127 1161 253 1204 aureos:
284 1141 420 1204 multum
450 1140 621 1222 aeruginis,
651 1140 835 1221 praesertim
863 1160 934 1202 mea
960 1138 1119 1202 tenuitate
1154 1138 1262 1202 oonsi-

128 1227 246 1290 derata.
293 1225 372 1288 Nam
396 1230 539 1288 aromata
562 1226 638 1287 trita
662 1224 739 1287 nihil
763 1224 884 1303 valent,
913 1227 1062 1305 suspecta
1091 1224 1175 1287 enim
1209 1228 1263 1288 est

128 1312 245 1374 tritura
274 1314 306 1373 et
336 1332 458 1391 semper
490 1307 693 1373 adulterina.⁸
738 1309 848 1391 Neque
883 1312 956 1372 utor
990 1307 1108 1372 talibus
1141 1310 1260 1389 protri-

128 1396 245 1459 mentis
279 1395 490 1478 propolarurn.
537 1394 621 1458 Sunt
650 1394 727 1457 mibi
759 1395 821 1457 duo
845 1395 1005 1468 mortaria,
1040 1394 1102 1456 duo
1136 1394 1262 1475 pistilli,

129 1481 192 1542 duo
227 1480 328 1543 cribra
363 1480 538 1542 excretoria
566 1480 604 1541 ad
635 1479 845 1560 pulvisculum
882 1479 978 1560 probe
1013 1478 1261 1560 repurgandum.

130 1565 276 1628 Poteram
310 1565 369 1627 hac
399 1566 445 1627 uti
469 1564 674 1645 supellectile.
721 1565 805 1627 Emit
836 1563 985 1626 bacillum
1018 1585 1081 1626 uuo
1114 1563 1263 1640 Βοέἕιῐιο,ι

129 1650 190 1713 ohe
213 1671 308 1731 quam
333 1650 506 1713 infirmum!
532 1650 584 1711 uix
602 1649 693 1712 dares
710 1648 871 1712 Leonem.⁵
918 1649 1030 1712 Cetera
1048 1653 1124 1712 sunt
1141 1649 1264 1713 nullius

130 1736 283 1799 momenti
298 1739 330 1797 et
347 1740 453 1798 tamen
470 1734 575 1797 tribus
598 1737 701 1798 arrreis
724 1755 824 1797 cerco.
866 1734 965 1815 Aegre
982 1734 1132 1798 damnum
1151 1739 1263 1799 tamen

130 1821 206 1897 fero,
234 1821 288 1882 sed
321 1820 405 1901 quod
439 1819 619 1883 Hersieldo⁶
653 1820 730 1883 nihil
764 1821 807 1883 sit
838 1825 990 1900 emptum,
1025 1819 1263 1884 molestissime.

130 1906 197 1987 Ego
235 1905 353 1968 nullam
393 1928 526 1969 mercem
565 1906 597 1968 in
636 1905 735 1968 literis
773 1905 946 1968 nominavi.
1007 1904 1156 1967 Liberum
1199 1905 1263 1968 tibi

130 2013 262 2055 examen
296 1991 421 2072 reliqui,
455 1996 513 2053 tua
545 1991 606 2052 fide
640 1991 718 2054 nihil
752 1991 917 2069 antiquius
952 1989 1058 2053 habui.
1105 1989 1204 2054 lirant
1228 1991 1263 2054 in

129 2076 309 2140 tentoriolis
343 2081 474 2139 auratae
510 2076 617 2153 vittae,
651 2080 741 2139 erant
764 2076 827 2138 alia
846 2075 1026 2156 juventutis
1060 2079 1264 2153 ornamenta,

131 2161 209 2225 nihil
247 2161 381 2243 elegisti.
438 2162 473 2224 ln
507 2183 604 2224 causa
641 2161 733 2224 credo
771 2161 832 2224 fuit
869 2161 1052 2242 repentinus
1086 2159 1195 2225 abitus
1231 2168 1265 2225 ct

130 2245 363 2311 Duronianum²
389 2248 565 2328 imperium.
611 2245 668 2309 Est
691 2252 723 2309 et
750 2246 810 2309 boc
841 2246 1086 2320 incommodum,
1114 2247 1265 2329 quamvis

130 2353 194 2396 non
219 2332 384 2406 mediocre,
408 2337 514 2396 tomen
539 2332 749 2395 tolerandum.
795 2332 940 2394 Ceterum
972 2332 1051 2395 illud
1081 2329 1263 2395 Schilonis⁸

133 2418 286 2500 ,negare“
313 2441 353 2480 ne
376 2418 628 2498 patientissimus
657 2417 782 2499 quidem
807 2416 943 2479 inultum
969 2441 1037 2480 esse
1060 2416 1179 2481 sineret
1205 2423 1286 2482 aut·

130 2505 269 2586 impune.
316 2503 582 2585 Oprasbyterum
619 2502 851 2566 fraudatorem!
897 2503 1027 2577 Qualem
1061 2502 1124 2565 sibi
1147 2502 1264 2567 labem

132 2589 287 2670 aspergit!
341 2588 376 2651 Si
403 2588 494 2651 licuit
524 2588 644 2669 injusto
675 2587 869 2663 defraudare,
905 2587 1014 2651 licebit
1045 2593 1077 2651 et
1103 2587 1192 2668 justo
1224 2590 1265 2653 de

132 2674 247 2755 injuria
282 2675 441 2755 conqueri.
500 2672 562 2736 Sed
598 2674 670 2755 quis
704 2696 824 2755 aequus
858 2674 919 2735 erit
952 2672 1121 2737 arbiter‘?¹
1176 2674 1265 2738 Dicit

131 2759 286 2823 Joannes:
325 2758 488 2839 ,Societas
528 2764 638 2822 nostra
672 2762 702 2822 in
737 2759 833 2823 coelis
870 2758 947 2820 est.“
1006 2759 1088 2822 Dicit
1126 2759 1262 2824 Paulus:
1331 2835 1333 2847 .

136 2844 356 2927 ,Sufficicntia
390 2849 499 2908 nostra
531 2867 569 2908 ex
601 2845 659 2908 deo
692 2845 769 2908 est.“
824 2844 977 2907 Neutrum
1010 2850 1058 2908 ost
1088 2867 1196 2908 verum
1229 2847 1263 2909 in

132 2930 290 2994 Schilone.
337 2929 442 2993 Servit
472 2932 538 2993 suis
569 2929 692 3008 bestiis,
721 2929 838 3011 quibus
861 2928 938 2993 nibil
963 2935 1011 2994 est
1033 2931 1121 2994 sat-is.
1167 2929 1263 2996 Nunc

134 3037 198 3079 non
229 3021 297 3080 erat
327 3016 376 3080 bie
408 3016 505 3094 locus,
537 3015 638 3079 facere
668 3021 775 3080 tamen
800 3038 863 3078 non
888 3016 977 3096 potui
1002 3037 1059 3080 nec
1081 3015 1177 3080 debui
1204 3038 1265 3082 nec

132 3101 229 3180 uolui,
253 3102 330 3184 quin
354 3123 436 3183 quae
459 3103 536 3164 mob
559 3106 682 3182 angunt
704 3102 764 3166 tibi
787 3101 899 3177 amioO,
924 3122 1016 3183 quem
1043 3101 1121 3180 colo,
1138 3101 1265 3166 insinu-

132 3210 227 3251 arem.
275 3187 439 3250 Accedunt
462 3186 550 3250 Croti
574 3186 742 3267 querelae.⁹
786 3187 900 3249 tectas
930 3208 1096 3268 concerpe3
1127 3193 1160 3251 et
1181 3188 1265 3252 adde

134 3272 349 3337 Herebordum
380 3273 466 3348 1111,υ
496 3273 550 3353 qui
581 3273 664 3336 dixit
697 3295 784 3353 ,meo
815 3271 1010 3335 oonsilio.“¹⁰
1055 3273 1117 3336 Hui
1140 3277 1265 3354 quanta

133 3358 273 3422 insania!
320 3357 438 3421 Volunt
471 3358 524 3421 isti
559 3358 632 3420 dare
668 3357 809 3434 consilia,
840 3357 894 3439 qui
929 3380 996 3421 sesa
1030 3358 1189 3439 ignorant.
1236 3360 1264 3424 Ο

133 3444 323 3526 respublica,
346 3446 412 3507 ruis
431 3444 584 3525 juvenum
601 3445 810 3526 praecipitata
826 3443 982 3506 consiliis!
1021 3443 1089 3506 Hoc
1105 3445 1266 3525 expressit

132 3531 376 3593 commiseratio.
423 3529 507 3592 Vale.
554 3529 658 3593 Post¹¹
684 3529 796 3593 festam
820 3550 858 3592 ac
880 3528 996 3592 laetam
1020 3529 1171 3593 dominici
1193 3550 1266 3594 cor·

132 3616 219 3698 poris
241 3613 353 3678 lucem.
398 3613 557 3677 MDXllll.

287 3731 348 3784 Cod.
370 3731 435 3785 lbos.
456 3733 513 3784 173.

202 3984 216 4012 ι
232 3968 347 4021 arbitrer.
418 3972 432 4009 b
448 3985 497 4020 non
515 3968 573 4034 ti'ipt
594 3968 659 4019 l'errx
676 3966 769 4018 ln'rrru.
840 3967 1006 4019 e[taine-usis
1024 3983 1070 4017 aru
1088 3965 1189 4017 Raude.

205 4041 213 4070 ¹
231 4037 381 4090 lieuchlins
401 4039 426 4089 ὃ.
437 4038 528 4090 tuor.
542 4039 562 4088 l.
635 4038 644 4066 ¹
663 4035 711 4086 Ein
729 4035 900 4087 Biichertitel.
964 4037 974 4064 ³
991 4035 1147 4086 Gestoesone
1166 4034 1267 4087 Waren

133 4108 242 4159 wurden
270 4106 351 4158 sehon
379 4105 479 4157 damals
507 4105 618 4157 rielfach
650 4103 783 4170 goffilsclrt.
855 4103 940 4168 ¹l'gl.
960 4102 985 4155 S.
1005 4103 1053 4154 3117
1074 4106 1104 4154 A.
1127 4104 1147 4154 1.
1221 4104 1267 4155 ὃ4

134 4174 368 4241 »Lebenpfennige«
442 4176 452 4224 1
474 4176 516 4224 or.
587 4172 674 4238 rugi.
694 4171 737 4223 Br.
758 4174 814 4224 3115.
883 4173 962 4224 ¹Iles
982 4171 1070 4223 Abtes.
1099 4169 1125 4222 S.
1135 4170 1267 4223 437x.2.

169 4244 250 4295 ¹Der·
267 4241 385 4294 Erfurter
402 4241 559 4294 Prokurator
576 4239 703 4307 liuticos,
721 4241 766 4292 der
784 4241 842 4292 heiu
863 4240 928 4291 (told
947 4240 1031 4306 geben
1049 4237 1143 4292 wollte.
1176 4237 1203 4290 S.
1214 4240 1268 4294 436

132 4312 163 4365 A.
184 4312 207 4364 3.
279 4301 381 4363 ⁹chr·
407 4309 506 4362 Crotus'
536 4308 639 4376 Klagen
665 4325 756 4376 uegen
779 4308 864 4361 scines
887 4308 1022 4360 Eintrittos
1048 4305 1075 4358 in
1100 4307 1149 4358 den
1179 4307 1267 4374 geistl.

132 4378 215 4432 Stund
232 4378 284 4445 rgl.
304 4378 329 4431 S.
348 4379 399 4430 414
417 4380 447 4430 A.
468 4381 490 4429 1.
547 4379 566 4409 ¹⁰
583 4377 660 4429 Nach
671 4376 886 4444 derltandglosse
896 4376 1042 4436 litinensis
1061 4375 1127 4427 iibcr
1145 4375 1268 4429 welcheu

133 4447 185 4515 vgl.
205 4446 229 4501 S.
250 4447 300 4500 139
318 4449 348 4499 Α.
367 4448 391 4500 4,
428 4446 480 4499 Dor·
498 4445 620 4513 spezicllc
647 4446 774 4514 Vorgang,
799 4447 845 4498 aul
868 4446 917 4497 den
936 4444 970 4497 M.
989 4443 1080 4512 Bezug
1104 4443 1209 4511 nimmt,
1233 4445 1269 4498 ist

134 4515 292 4570 unbekannt.
365 4517 385 4546 ¹¹
403 4514 462 4582 Vgl.
481 4514 506 4567 S}
527 4516 573 4567 151
594 4517 624 4566 A.
644 4516 666 4568 1.
