2774 4966
582 30 588 71 i

580 78 585 95 i

569 122 576 143 8

178 608 243 679 418
590 612 677 668 Briau
694 610 741 668 dee
758 612 783 667 1.
803 600 877 669 reri

184 787 284 850 virum
310 784 580 850 fortunatissimae
602 784 767 850 stultitiae.
811 786 1008 851 Permutaret
1022 789 1097 853 scio.
1141 788 1205 856 Sed
1220 791 1299 857 haee

178 877 253 937 tuae
278 871 463 953 prudentiae
486 872 551 935 sint
573 871 761 936 concredita.
805 871 889 936 Vale.

333 971 393 1025 Cod.
412 970 479 1026 Frui.
498 968 554 1024 158.

179 1124 292 1194 (noum
700 1109 772 1174 347.
1091 1128 1130 1181 rs.
1149 1125 1201 1181 uu
1220 1128 1296 1183 rma

549 1236 693 1307 illutien
715 1256 763 1306 an
786 1235 923 1307 Urban.

178 1366 266 1435 (Botis,
284 1364 401 1432 Petrejrw
411 1364 442 1417 in
456 1364 524 1417 Rom
536 1363 591 1416 bn'e
619 1364 624 1375 '
664 1381 716 1417 sur
727 1363 884 1432 Bewerbsmp
894 1381 941 1417 scm
954 1364 1003 1417 dus
1014 1364 1132 1434 eriedfflc
1144 1364 1298 1421 Kononaw

488 1432 532 1486 des
548 1431 590 1485 N·
630 1473 636 1485 .
654 1432 762 1500 Dorsdd
777 1432 986 1500 ausxusorderu.)

218 1546 410 1599 Amicissimo
428 1549 460 1597 et
476 1546 713 1607 inpensioribus
729 1546 834 1597 verbis
850 1546 1006 1597 medendo
1024 1547 1107 1608 patri
1124 1546 1252 1598 Urbano

652 1632 696 1683 Η.
713 1629 823 1682 Eume.

282 1741 384 1806 Salus
429 1740 508 1806 Cum
529 1747 566 1807 tu
589 1741 648 1807 hoc
669 1742 820 1824 temporis
842 1742 874 1804 in
898 1741 983 1805 Valle
1013 1741 1079 1816 sis,'
1113 1764 1175 1806 non
1204 1744 1293 1824 potui

179 1828 240 1894 tibi
281 1849 342 1893 non
379 1828 567 1911 significare,
605 1828 681 1909 quid
717 1827 873 1910 expediat.
929 1826 1095 1892 Dorieldus
1131 1827 1294 1893 Nicolaus²

180 1914 333 1980 hodierno
355 1915 512 1978 matutino
535 1914 653 1996 spirare
675 1914 776 1977 desiit.
822 1912 919 1976 Vacat
936 1914 1141 1977 canonicatus
1162 1915 1195 1977 in
1218 1916 1296 1979 aede

180 2000 333 2065 Mariana.
378 1999 458 2064 Para
480 2020 597 2082 quaeso
621 2000 729 2063 breves
751 1998 862 2063 saltem
886 1999 994 2063 literas
1009 2004 1041 2063 et
1056 1999 1096 2063 da
1118 1998 1296 2065 Matthaeo⁸

179 2087 219 2152 ad
242 2085 409 2167 Petrejum‚
443 2087 543 2150 virum
576 2085 712 2149 amicum
742 2090 774 2148 et
803 2085 963 2148 eximium.
1007 2083 1146 2149 Jacobus
1180 2084 1297 2168 Sagsa‘

180 2173 267 2237 misit
292 2170 443 2235 Thomam
460 2170 626 2235 officialem
640 2170 672 2211 ⁸⁵
696 2191 751 2252 pro
767 2190 823 2234 suo
841 2171 1015 2234 necessario
1032 2170 1071 2234 ad
1087 2169 1297 2236 Matthaeurn.

179 2258 215 2323 ld
237 2257 316 2323 nihil
340 2263 441 2322 nocet.
486 2255 595 2322 Scribe
624 2261 657 2321 et
685 2261 730 2320 tu.
774 2255 854 2319 Nam
881 2255 999 2320 Rornae
1021 2261 1053 2319 et
1075 2261 1297 2321 concurrentes

181 2343 286 2408 locum
308 2363 403 2424 saepe
424 2343 651 2407 nanciscuntur
673 2346 706 2406 et
727 2346 775 2405 est
796 2340 998 2422 praelationis
1021 2363 1082 2405 non
1106 2342 1187 2406 exile
1201 2344 1298 2425 privi-

179 2429 305 2511 legium,
329 2429 414 2509 quod
443 2428 575 2510 Petrsjo,
600 2430 646 2491 uti
668 2448 768 2510 spero,
800 2446 863 2490 non
894 2428 990 2491 deest.
1036 2427 1119 2491 Vale.
1164 2427 1297 2493 Eidibus

180 2514 253 2598 lilaj.
276 2513 372 2578 Xllll.

334 2613 397 2668 Cod.
415 2612 480 2668 Frci.
499 2613 556 2668 381.

180 2767 294 2838 (nous)
697 2751 767 2816 348.
1023 2766 1059 2833 (n.
1079 2767 1118 2823 rs.
1137 2765 1191 2821 Mn
1210 2768 1295 2834 1514.)

551 2874 695 2946 liutian
716 2897 764 2947 an
790 2875 924 2947 Urban.

181 3007 311 3077 (Nubere
332 3005 495 3060 lienteriresdt
512 3005 554 3058 dle
570 3005 827 3075 Bmoctriclriipunp
842 3006 886 3059 des
903 3005 1018 3073 Petreius
1035 3005 1065 3058 in
1083 3006 1152 3059 Rom
1168 3005 1232 3058 uber
1246 3005 1297 3059 dos

587 3074 706 3143 eadmer
723 3074 893 3142 Kancm‘lrut.)

455 3187 581 3238 Urbano
599 3200 654 3238 auo
672 3189 828 3238 oameeimo
846 3189 889 3239 Μ.
907 3186 1016 3238 Rufus.

283 3298 315 3363 S.
361 3296 423 3361 Cur
445 3317 504 3379 ego
528 3301 631 3361 tecum
653 3319 715 3361 non
741 3299 966 3363 communicem
983 3298 1094 3361 intima
1110 3303 1141 3361 et
1156 3296 1296 3361 arcana?

182 3381 368 3450 Nithardus‘
384 3404 478 3465 saepe
492 3384 607 3466 accipit
622 3383 727 3447 literas
743 3386 774 3448 in
792 3386 878 3448 ouria
895 3385 1036 3448 Romana
1052 3384 1151 3447 datas.
1189 3383 1297 3465 Nuper

183 3472 267 3536 Lotii
301 3466 415 3533 amica⁷
448 3469 508 3532 fuit
542 3468 711 3533 Erfurdiae.
768 3471 885 3534 Attulit
917 3470 1080 3553 epistolam
1119 3468 1297 3534 Rhaniculo

183 3555 276 3632 meo‚⁸
310 3556 365 3637 qui
395 3553 454 3618 hac
480 3555 556 3618 hora
585 3556 667 3638 apud
697 3578 744 3619 me
775 3558 908 3620 cenarit.
955 3555 1096 3639 Epistola
1127 3555 1201 3618 date
1235 3554 1298 3619 fuit

184 3643 303 3708 Romae
324 3647 398 3705 ante
421 3645 491 3705 octo
515 3641 727 3705 hebdomades
749 3664 767 3704 a
789 3642 838 3706 Jo.
863 3640 972 3706 Fabri’
996 3642 1172 3723 praeposito
1197 3643 1298 3705 nostri

184 3729 309 3811 collegii
343 3727 413 3790 rc.b
457 3726 536 3802 Quid
570 3729 668 3808 igitur
702 3728 865 3791 confidas?
908 3727 974 3809 Ege
1008 3729 1104 3791 timeo
1138 3731 1170 3790 et
1203 3728 1299 3790 timui

182 3836 303 3897 semper
324 3813 475 3876 Lotienos
496 3818 529 3876 et
551 3815 645 3877 istum
667 3812 892 3895 llloibergum'⁰
908 3822 939 3877 et
955 3837 994 3876 ex
1011 3813 1137 3895 sequela
1152 3818 1298 3877 nostrum

182 3897 391 3966 Musardum'¹
415 3903 447 3962 et
468 3899 593 3963 similes.
639 3898 781 3980 Petrejus
803 3905 880 3982 puto
903 3900 1005 3963 decies
1027 3900 1066 3963 ad
1089 3899 1298 3980 asscripsit,

249 4049 263 4078 ⁸
277 4034 414 4089 officialem
439 4033 564 4087 'thomam
594 4032 668 4086 Tene.
756 4033 826 4087 bSo.
862 4033 942 4086 A'e'ctt
960 4056 992 4072 =
1011 4038 1052 4088 otc
1071 4032 1109 4103 (ic
1128 4053 1158 4071 ==
1177 4033 1298 4101 reliquo),

181 4105 308 4172 aondemp:
327 4102 453 4172 regularis
470 4102 595 4157 canonici.

253 4176 261 4206 ¹
280 4173 351 4226 Uber
369 4173 419 4224 don
438 4171 610 4239 zeitweiiigen
628 4170 780 4223 Auicntlrult
798 4170 900 4224 Urbane
918 4172 944 4224 in
963 4171 1133 4238 Georgcuthal
1147 4171 1196 4238 egi.
1210 4170 1235 4222 S.
1250 4171 1300 4224 166

183 4245 213 4297 A.
231 4244 255 4296 4.
325 4240 400 4294 *Ais
425 4240 576 4294 Kauoniirus
602 4240 648 4293 aui
663 4240 754 4292 ciiiint
777 4240 814 4291 irn
836 4241 860 4294 J.
888 4240 952 4293 1488
979 4240 1019 4292 bei
1046 4239 1200 4306 Sagittae.
1228 4237 1299 4293 illst.

183 4311 258 4364 ooth.
285 4311 324 4363 od.
351 4309 426 4364 Tenc.
453 4326 479 4377 p.
507 4309 548 4363 48.
619 4255 671 4363 ’8.
691 4310 725 4361 60
750 4312 781 4361 A.
800 4310 823 4361 3.
893 4310 945 4362 48,
965 4310 1105 4363 3114111.
1175 4309 1227 4359 δ8.
1247 4307 1300 4361 ’209

183 4383 212 4434 Δ.
231 4382 255 4434 5.
324 4378 469 4431 lldrlurter
485 4377 643 4445 Pripositus.
663 4376 688 4430 S.
708 4378 755 4429 361
778 4381 808 4430 A.
820 4377 842 4429 1.
914 4380 922 4410 ⁷
941 4378 990 4429 Dio
1008 4378 1082 4430 liclia
1099 4377 1125 4428 iu
1144 4376 1185 4428 ln.
1204 4376 1264 4428 168,

183 4448 289 4502 ‘liena
315 4447 419 4500 lihanis.
445 4447 470 4500 8.
489 4446 539 4499 242
561 4451 591 4499 A.
609 4448 634 4498 4.
674 4446 902 4499 ll'ahrscheinlicli
930 4446 1056 4499 identiech
1085 4446 1133 4497 ruit
1159 4444 1301 4497 Thesibius

183 4517 282 4570 llhanis
305 4516 330 4570 S.
348 4516 399 4569 383
418 4520 448 4570 A.
468 4516 491 4568 2.
560 4515 646 4568 ⁹Nur
676 4515 733 4567 hier
772 4523 875 4568 enannt.
910 4517 968 4568 loir.
995 4514 1067 4567 1111111Ι
1093 4515 1125 4566 dc
1148 4514 1221 4578 Getav
1249 4513 1300 4566 irn-

183 4587 285 4641 rnutril.
304 4586 357 4639 Ost.
378 4585 450 4639 1481.
487 4584 665 4638 Weissenb.
683 4585 742 4636 Alit.
755 4528 781 4650 l,
800 4583 857 4638 385.
930 4589 950 4616 ¹⁰
968 4584 1025 4636 Nur
1042 4584 1099 4635 hier
1116 4587 1238 4650 genennt.

220 4659 239 4688 ¹¹
257 4655 354 4709 Leirrer
370 4655 396 4707 iu
415 4653 596 4723 Georgenthul.
631 4652 657 4706 S.
674 4653 725 4707 406
743 4656 773 4708 A.
792 4653 816 4707 7.
