2774 4966
127 600 187 664 108
516 597 602 653 Briete
620 614 672 653 von
691 598 868 655 1508-1509.

126 780 183 839 est.
208 796 270 837 non
297 796 412 836 nocens
436 779 467 835 et
489 774 592 855 turpis
615 773 786 857 dissipator
809 774 863 837 sed
889 773 1025 856 diligens
1048 780 1080 835 et
1108 774 1260 855 copiosus

127 861 362 943 paterfamilias,
394 861 546 923 innocens
578 860 741 942 projicitur
774 862 804 924 in
835 860 962 924 exilium
995 859 1152 925 Urbanus.
1208 858 1259 923 Ob

128 948 272 1010 miseram
298 947 511 1010 conditionem
535 952 681 1010 attonsae
706 946 851 1029 pietatis!
897 948 994 1023 Quem
1019 946 1096 1009 deus
1128 946 1260 1011 coelesti

128 1035 201 1096 dote
224 1033 358 1107 ornavit,
382 1034 483 1096 virtus
506 1033 622 1096 extulit
645 1034 684 1096 ad
708 1033 842 1109 laudem,
873 1034 923 1096 eui
947 1038 1052 1115 patres
1075 1032 1260 1097 tribuerunt

128 1120 287 1194 bonorem,
322 1120 454 1183 eundem
479 1120 611 1182 fratrum
637 1120 723 1183 furor
745 1128 775 1182 et
800 1121 940 1183 amentia
964 1119 1085 1199 depulit
1107 1120 1147 1181 ad
1170 1118 1259 1183 cala-

128 1209 279 1271 mitatem.
325 1207 402 1282 Quis
418 1210 528 1268 tantae
544 1206 711 1268 seditionis
727 1206 934 1269 stimulator?
957 1206 1029 1288 quis
1045 1206 1111 1268 tani
1127 1206 1260 1288 iniquae

128 1293 294 1356 seditionis
317 1294 518 1355 concitator?
542 1291 633 1355 Certe
659 1293 744 1355 rudis
759 1294 926 1374 imperitia.
966 1291 1057 1356 Caeci
1074 1305 1159 1361 sunt.
1181 1314 1260 1375 pro-

129 1379 211 1442 fecto
234 1381 329 1451 cinai,
360 1380 415 1460 qrri
438 1379 543 1441 lumen
567 1379 687 1441 ordinis
713 1380 914 1454 submovent,
944 1378 1034 1460 eujus
1059 1379 1260 1443 necessarius

130 1466 218 1529 labor
241 1467 336 1528 etiam
354 1488 402 1529 me
420 1471 545 1527 tarento
570 1465 683 1546 probat·
705 1488 846 1530 casuram
871 1488 939 1529 esse
954 1464 1182 1546 rempublicam
1199 1464 1258 1529 ab·

129 1562 217 1614 sente
233 1551 370 1617 Urbano.
399 1550 477 1632 „Sed
496 1551 649 1615 videbunt
664 1550 788 1618 Judaei.
812 1552 843 1614 in
861 1574 953 1634 quern
976 1551 1255 1615 transfixerunt..“'

127 1639 360 1702 Desiderabunt
375 1638 549 1709 absentem,
573 1660 649 1701 suae
664 1638 822 1702 stultitiae
834 1650 849 1679 ⁸
865 1637 1038 1720 praemium
1053 1638 1163 1702 ferent..
1209 1638 1257 1703 Tu

129 1748 210 1797 veru,
244 1724 345 1789 duleis
368 1724 476 1795 amice,
508 1745 569 1787 uon
595 1725 692 1788 vitam
717 1726 811 1807 deges
835 1725 865 1789 in
890 1725 995 1796 exilio,
1020 1732 1056 1789 ut
1077 1725 1124 1789 tui
1148 1725 1256 1791 forsan

127 1813 332 1887 arbitrantur,
361 1812 414 1873 sed
439 1812 525 1873 vives
549 1833 617 1874 cum
644 1812 784 1887 eruditis,
815 1834 884 1875 cum
910 1810 1010 1886 bellis,
1042 1834 1111 1876 eum
1135 1812 1258 1877 amabi·

130 1900 213 1963 libus
237 1902 266 1961 in
286 1899 385 1962 solida
403 1903 432 1959 et
451 1905 599 1979 perpetua
623 1898 770 1961 lrretitia.“
808 1899 967 1962 lluronius
989 1899 1133 1962 subsidia
1156 1898 1258 1974 dabit,

129 1985 227 2050 babes
258 1992 289 2049 et
318 1987 383 2066 ipss
416 1983 571 2064 praesidia
601 1986 777 2048 nummaria
807 1991 839 2048 et
871 1985 1081 2049 instromenta
1110 1990 1175 2048 lam
1199 1984 1257 2051 bo-

130 2080 237 2137 nestae
260 2095 355 2154 (raram
381 2071 576 2150 voluptariae
600 2072 692 2134 vitae.
738 2071 806 2133 Erit.
830 2071 902 2135 istie
918 2072 1049 2136 officiosi
1066 2071 1184 2135 laboris
1207 2072 1254 2137 tui

130 2162 220 2240 quim
237 2164 357 2243 optata.
383 2157 512 2220 Publice
526 2157 648 2220 ridetur
662 2158 722 2220 ista
737 2158 851 2241 legatio
866 2171 879 2199 ⁸
897 2158 1063 2240 plurimum
1079 2158 1259 2227 honestatis

129 2246 253 2310 habere.
289 2245 328 2309 Et
351 2246 394 2308 ita
419 2249 476 2307 est.
520 2243 651 2308 Reditus
674 2266 746 2308 vero
770 2246 870 2327 pariet
893 2245 952 2309 tibi
976 2268 1122 2329 magnam
1145 2268 1196 2310 am
1221 2246 1260 2310 li-

129 2335 272 2398 tudinem
297 2339 329 2396 et
351 2332 492 2396 futurum
516 2329 643 2394 abbatis
667 2329 827 2395 bonorem.
873 2331 951 2409 Quis
973 2333 1067 2411 enim
1091 2332 1176 2413 quod
1200 2268 1259 2398 bo·

129 2427 254 2486 nestum
279 2425 337 2497 est,
361 2440 422 2483 non
448 2416 525 2481 utile
548 2415 703 2482 dica-ertu
748 2418 827 2482 Nam
852 2419 877 2484 si
902 2418 941 2483 ad
966 2420 1164 2485 honestatem
1190 2420 1258 2485 nati

129 2531 252 2585 sumus,
275 2529 401 2571 neeesse
424 2510 482 2581 est,
505 2504 590 2584 quod
614 2504 779 2569 honestum
797 2505 848 2581 sir,
874 2504 903 2569 id
926 2528 994 2571 esso
1009 2513 1066 2572 aut
1081 2506 1183 2570 solum
1201 2514 1260 2571 aut.

129 2617 286 2659 summurn
320 2594 453 2671 bonum;
486 2591 569 2673 quod
601 2599 706 2656 autem
732 2592 859 2668 bonum,
884 2592 914 2656 id
938 2600 1023 2658 certe
1046 2593 1140 2659 utile:
1171 2594 1258 2676 quod

129 2688 234 2746 alitem
252 2681 420 2744 honestum
438 2683 469 2743 et
487 2677 573 2749 utile,
597 2678 627 2742 id
645 2679 792 2743 nimirum
811 2680 927 2742 bonore
949 2688 981 2744 et
996 2680 1096 2763 gloria
1111 2681 1259 2763 dignum.

133 2768 214 2849 Lege
237 2768 320 2851 apud
345 2768 526 2831 Ciceronem
551 2763 692 2829 Stoicum
718 2766 792 2829 illnd
811 2766 990 2830 demetam:
1015 2790 1125 2831 omnes
1141 2769 1261 2832 stultos

131 2852 309 2919 insanire:³
333 2854 406 2916 item
432 2875 555 2916 carmen
581 2851 769 2934 Baptistae⁴
793 2853 831 2916 de
863 2854 1033 2934 {salientia3
1069 2877 1261 2937 magnopere

129 2943 308 3006 laetaberis.
355 2940 387 3003 Si
412 2940 487 3022 quid
514 2963 560 3002 mir
586 2960 752 3020 procurare
777 2940 870 3003 utiles.
895 2940 1061 3022 S1ialatino
1085 2941 1131 3004 tui
1147 2964 1260 3005 uman-

130 3031 253 3093 tissimo
277 3028 395 3092 credas.
441 3026 527 3090 Tritis
550 3048 629 3100 sum,
656 3048 821 3089 mansurus
845 3032 919 3089 tuus
943 3029 972 3090 in
1002 3029 1088 3091 onrni
1120 3027 1259 3091 fortuna.

130 3117 245 3179 Munus
268 3122 357 3179 tuum
381 3120 413 3176 et
435 3113 543 3177 literas
566 3118 602 3177 ut
625 3135 673 3175 me
696 3114 799 3196 ipsum
823 3114 995 3196 amplector
1018 3122 1111 3197 teque
1137 3115 1212 3179 lorti
1227 3122 1260 3180 el

133 3203 216 3267 bono
240 3203 346 3266 animo
369 3222 436 3263 esse
456 3200 562 3281 jubeo,
610 3198 693 3276 Vale,
717 3200 812 3278 salve,
837 3200 915 3263 vive.

289 3303 350 3356 sou.
369 3302 434 3356 Frcf.
455 3304 511 3355 196.

131 3459 290 3525 Strussburg.
668 3442 718 3505 93.
1036 3458 1077 3510 31.
1096 3459 1163 3526 Aug.
1184 3458 1259 3513 1508.

431 3558 555 3629 Thonr.
581 3560 683 3630 Wolf
694 3563 704 3594 ⁸
728 3581 775 3630 an
799 3560 952 3631 blutian.

131 3680 541 3749 lPlauudselmftsrcrsirlrermry.
577 3682 659 3750 Klaye
677 3682 740 3735 r'r'ber
756 3683 804 3734 dm
827 3682 927 3736 oreon.
944 3683 990 3735 dar
1009 3682 1056 3733 idn
1075 3680 1103 3734 ia
1123 3681 1190 3733 Rom
1209 3698 1260 3734 aa·

128 3751 231 3819 yellaqt
245 3751 363 3803 inulam·
376 3750 542 3804 [leisedolrrir
556 3751 777 3888 '‘bivii-'aldgilso
791 3769 827 3803 (aa
842 3751 940 3814 Kobara
960 3750 1101 3811 Eberbacla
1125 3750 1260 3818 blitildis,

159 3926 303 3975 mutiano
321 3926 403 3976 Rufo
422 3927 538 3977 oratori
556 3930 588 3978 et
602 3927 825 3987 jurisconsulto,
853 3926 951 3977 amieo
969 3926 1085 3987 optimo
1103 3929 1135 3976 et
1153 3925 1218 3975 urb

314 4011 406 4062 fratri
424 4013 582 4064 carissimo
600 4013 734 4063 'rhomes
751 4013 929 4073 Vuolphius
946 4013 1069 4064 Junior.

235 4118 265 4179 S.
314 4116 431 4192 Quanti
455 4123 486 4180 te
511 4118 635 4193 faciam,
660 4117 811 4195 Matiane,
833 4124 865 4182 et
887 4124 1007 4199 quanta
1031 4117 1262 4180 veneratione·

132 4208 162 4264 et
186 4207 306 4283 qirrurto
344 4225 450 4266 amore
484 4210 541 4269 toc
565 4226 744 4285 prosequar,
781 4226 841 4267 non
876 4226 1002 4286 possum
1028 4204 1161 4268 (licendo
1185 4224 1261 4266 eou-

200 4388 213 4413 n
227 4372 249 4423 ri
270 4379 300 4424 Sl.
323 4376 349 4426 ll.
403 4378 417 4414 l'
433 4380 460 4425 ui
479 4382 504 4427 t¹l
526 4374 598 4427 llum.
650 4384 701 4426 ⁰1¹¹
718 4375 781 4441 sl'bl!
799 4374 840 4425 Μ
860 4375 939 4427 lint..

205 4442 289 4494 ¹.lolr.
316 4445 353 4495 lu.
374 4446 415 4495 231.
452 4444 552 4512 Weuou
576 4445 622 4495 dor
645 4446 704 4497 daur
733 4446 798 4497 ,lure
816 4444 909 4496 selruld
929 4444 1076 4507 gruubruruu
1096 4442 1177 4495 llr'irtu
1196 4440 1261 4495 nint

132 4527 160 4562 er
178 4512 204 4563 iu
224 4512 324 4563 iliesem
345 4512 386 4565 llr.
407 4529 467 4565 zuar
485 4518 571 4565 ersten
592 4513 660 4565 llalo
672 4513 804 4567 Duronius
818 4520 938 4582 genanut.
958 4528 1008 4564 ron
1022 4528 1075 4564 nun
1089 4527 1121 4563 nu
1133 4510 1262 4563 stebondo

134 4578 325 4645 llenoielrnung.
397 4581 476 4636 ²Cio.
496 4582 535 4635 Ilo
553 4584 595 4635 or.
614 4582 662 4649 ΙΙΙ,
680 4585 705 4647 -l,
727 4586 764 4636 15.
836 4582 952 4636 ³l‘arad.
966 4582 1045 4635 snio.
1063 4583 1088 4633 4.
1159 4578 1214 4636 ⁴8.
1227 4578 1263 4635 52

131 4648 206 4704 Α.2.
241 4650 407 4706 amar.
478 4650 657 4708 ⁶S.9n.2.
