2774 4966
125 607 166 673 92
504 605 591 660 aare
609 622 659 659 von
680 606 856 661 rsus-reos.

126 779 246 842 illatam
271 778 415 860 injuriam
439 778 596 861 patienter
618 780 734 844 tulerit.
781 779 977 862 Quamquam
1001 778 1083 841 enim
1101 776 1256 858 Hierony·

126 887 197 928 mus
213 864 442 928 Stridoniensis
456 866 489 928 in
507 865 636 948 prologo
653 866 765 929 veteris
782 865 922 948 mysterii
937 868 1073 928 testetur
1098 864 1256 926 neminem

126 952 195 1014 sino
217 952 348 1014 docente
372 950 542 1032 perfectum
567 974 643 1027 esse,
669 953 789 1015 Plinius
811 960 916 1015 tamen
949 950 1063 1033 probat
1088 948 1255 1014 Manilium

127 1043 305 1101 senatorem
329 1038 475 1100 maximis
498 1038 636 1102 nobilem
659 1039 835 1120 disciplinis
858 1038 985 1101 doctore
1014 1036 1099 1100 nullo
1132 1034 1254 1100 luisse.¹

129 1121 307 1206 Syllanion²
332 1144 457 1205 quoqne
473 1125 647 1188 statuarius
663 1130 696 1188 et
717 1123 871 1206 Epicuros
894 1122 1102 1206 philosophus
1118 1145 1152 1184 se
1168 1123 1256 1203 ipsos

133 1211 302 1291 magistros
318 1209 465 1273 habuere.
511 1210 657 1274 Aurelius
675 1212 747 1274 item
766 1210 962 1291 Augustinus
979 1210 1030 1273 illc
1047 1207 1257 1291 polygrapho-

128 1301 215 1360 tatos
237 1295 316 1359 libro
341 1294 581 1360 Confessionum
605 1303 718 1379 quarto
746 1296 995 1376 „Aristotelica'*‘,
1013 1295 1128 1378 inquit,
1148 1315 1256 1376 „prae-

128 1383 308 1446 dicamenta
336 1382 421 1445 solus
449 1382 511 1463 legi
542 1389 575 1446 et
604 1380 793 1448 intellexi.“³
847 1382 900 1446 Sic
926 1382 1104 1446 Bernardus
1139 1385 1256 1456 noster,

132 1470 178 1532 vir
201 1468 283 1532 haud
309 1468 403 1531 dubie
419 1469 510 1551 primi
528 1470 664 1533 nominis
680 1470 762 1532 inter
778 1469 1004 1548 sanctissimos
1027 1467 1117 1549 cujus
1138 1466 1258 1531 familia

129 1554 224 1618 hodie
254 1553 317 1618 lale
349 1558 438 1636 patet
473 1555 653 1619 coelestium
689 1554 943 1638 contemplatrix,
974 1557 1097 1617 tantum
1131 1552 1258 1617 assidue

129 1640 263 1724 legendo
280 1648 312 1704 ot
326 1640 446 1722 ingenii
463 1642 606 1705 acumine
630 1641 750 1714 didicit,
767 1647 804 1705 ut
819 1664 837 1704 a
852 1642 919 1705 suis
936 1639 1105 1704 mellifluus
1122 1639 1256 1705 dicator.

129 1726 278 1791 Imitatus
300 1731 348 1790 est
376 1748 479 1789 veram
511 1728 710 1809 sapientiam,
739 1750 819 1811 quas
849 1730 880 1793 in
905 1727 992 1791 coelo
1022 1731 1080 1802 est,
1114 1726 1256 1790 divinum

130 1813 280 1887 animum,
304 1835 395 1876 suum
412 1813 570 1877 Christum
595 1837 710 1896 regem,
727 1815 781 1897 qui
798 1813 1009 1878 atterendam
1026 1836 1094 1876 asse
1111 1813 1256 1895 injuriam

131 1900 298 1982 praecepit,
334 1901 380 1963 ita
415 1899 533 1963 illatam
568 1901 646 1964 adeo
680 1902 840 1965 moderate
873 1900 956 1975 tulit,
991 1904 1027 1963 ut
1060 1901 1185 1963 veniam
1215 1899 1257 1962 sit

130 1986 367 2068 percussoribus
396 1991 549 2068 precatus.
604 1987 669 2069 Age
700 2008 782 2060 vero,
814 1987 890 2070 quid
918 1984 1121 2050 Bernardus?
1166 1985 1260 2049 Venit

130 2072 169 2135 ad
192 2094 262 2136 euin
294 2073 400 2136 nescio
428 2073 499 2154 quis
525 2073 689 2139 subiturus
711 2074 823 2156 jugum
856 2072 1072 2136 Cisterciense.
1118 2072 1259 2136 hionitus

130 2159 170 2223 ab
208 2180 244 2223 eo
279 2180 369 2241 posse
407 2159 506 2222 aliubi
539 2181 665 2242 quoque
699 2160 857 2242 proficere,
893 2160 918 2222 si
953 2158 1055 2237 vellet,
1091 2158 1259 2223 confestim

129 2246 302 2345 impatiens
325 2246 467 2327 repulsae
490 2267 607 2345 pugno
613 2246 761 2311 abbatem
781 2246 927 2346 pulsavit.
974 2245 1124 2309 Fuisseut
1138 2246 1259 2319 statim,

132 2334 187 2414 qui
210 2332 351 2403 aderant
376 2333 436 2396 ulti
452 2333 541 2396 tam
535 2334 665 2415 impium
681 2333 892 2410 facinus,n1si
911 2332 1061 2396 Bernardi
1085 2338 1159 2395 auct
1146 2332 1259 2396 toritas

132 2419 193 2483 vim
218 2419 248 2482 vi
280 2418 428 2501 repellere
458 2419 635 2484 vetuisset*
691 2419 861 2503 „teOport“
867 2419 1007 2502 ,inquit
1040 2419 1261 2483 sanctissimus

132 2509 188 2587 pat
189 2527 231 2582 er,
257 2527 324 2587 „mc
347 2505 449 2570 aliis
442 2527 613 2604 ignoscere
637 2508 686 2570 cui
709 2531 728 2571 a
751 2470 877 2570 Christd
901 2511 1071 2582 servatore,
1094 2507 1149 2586 qui
1165 2527 1259 2568 verus

132 2596 181 2655 est
204 2643 210 2655 .
237 2642 242 2654 .
267 2641 273 2655 .
301 2642 306 2655 .
338 2642 345 2669 ‚
321 2592 487 2657 btoties'
479 2593 616 2674 ignoscit
603 2594 683 2656 tur.“
724 2593 873 2657 Orocem
892 2593 1069 2656 imitatione
1084 2603 1098 2631 ⁸
1113 2591 1259 2672 dignam!

131 2678 193 2742 Vos
230 2677 381 2742 Bernardi
415 2685 546 2761 nepotes
580 2680 611 2743 in
647 2679 757 2743 Eremo
791 2679 969 2760 Georgiana
1004 2701 1065 2742 non
1105 2679 1181 2741 estis
1215 2679 1261 2741 ila

133 2765 299 2846 patientes
352 2764 401 2829 Ob
435 2765 502 2828 levo
533 2766 681 2830 delictum
717 2766 897 2828 irascimini.
955 2765 1036 2842 Quid
1068 2763 1154 2828 aliud
1185 2765 1261 2828 estis

136 2872 230 2932 quam
254 2850 406 2915 Bernardi
430 2851 551 2928 fratres,
575 2851 692 2916 Christi
714 2851 796 2916 filii?
841 2851 928 2916 Scire
952 2853 1018 2934 pali
1042 2874 1115 2915 vera
1133 2850 1261 2914 indubi-

133 2943 265 3021 tataque
299 2939 400 3000 virtus
430 2942 479 3001 est
511 2948 542 3001 et
572 2939 727 3022 imprimis
766 2938 947 3003 christiana.
1005 2936 1261 3019 Christophorus,

132 3023 277 3088 coelitum
310 3023 510 3103 fortissimus,
550 3046 715 3106 percussus
744 3025 818 3089 olim
845 3048 863 3088 a
892 3024 1067 3088 Samiorum
1105 3024 1262 3106 praefecto

136 3110 394 3193 „Repercuterem
430 3110 492 3186 te“,
531 3113 652 3193 inquit,
694 3112 773 3194 ,nisi
812 3112 984 3175 christiana
1022 3114 1133 3194 pietas,
1172 3112 1263 3193 cujus

133 3196 236 3261 cultor
274 3219 361 3274 sum,
397 3196 606 3280 prohiberet.“
666 3197 727 3261 Sed
766 3199 842 3280 quid
874 3220 954 3279 opus
987 3197 1049 3260 ista
1085 3198 1264 3262 relatione?

135 3284 247 3366 Agitur
262 3281 311 3347 his
327 3282 439 3347 diebus
456 3285 614 3366 perpessio
632 3284 797 3348 dominica.
838 3284 926 3361 Quod
952 3283 1137 3365 injuriarum
1162 3306 1263 3366 genus

135 3393 195 3433 non
214 3370 288 3433 tulit
304 3371 532 3450 aequanimiter
549 3369 704 3445 Christus,
728 3377 764 3433 ut.
781 3393 838 3434 nos
861 3371 1044 3453 patientiam
1061 3383 1075 3410 ¹¹
1093 3371 1263 3434 edoceret?

133 3459 297 3539 quranta
314 3458 520 3538 ingratitudo
539 3465 660 3540 quanta
674 3458 822 3538 superbia
840 3480 896 3520 nos
913 3457 1015 3520 tenet!
1052 3455 1121 3519 Non
1140 3456 1263 3533 iratres,

135 3565 197 3608 uon
222 3548 326 3625 patres
349 3543 409 3606 dici
428 3544 583 3619 volumus,
606 3544 660 3607 sed
677 3543 805 3606 domini.
845 3543 990 3606 Christus
1013 3543 1124 3605 servile
1150 3564 1264 3626 corpus

133 3629 247 3704 induit,
280 3632 311 3692 in
343 3652 476 3707 crucem,
507 3630 591 3712 quod
623 3636 671 3693 est
700 3630 811 3692 servile
841 3630 1040 3711 supplicium,
1075 3634 1175 3692 actus.
1229 3629 1263 3693 si

136 3716 188 3778 ille
210 3738 330 3792 servus,
354 3716 512 3796 quomodo
538 3738 594 3779 nos
617 3716 762 3780 rlomirri'?
812 3717 991 3797 Gregorius,
1016 3716 1134 3797 primus
1159 3716 1264 3798 ponti-

134 3802 228 3865 ticum
254 3823 465 3877 romanorum,
489 3825 522 3867 se
545 3824 706 3866 servorum
730 3802 779 3864 dei
804 3824 926 3865 servum
944 3802 1124 3884 appellavit.
1172 3802 1264 3866 Arui-

135 3888 279 3952 trabatur
296 3889 378 3951 enirn
396 3911 429 3951 se
446 3888 565 3953 domini
588 3889 828 3972 appellatione·
844 3911 906 3951 non
924 3889 1108 3964 ornari-sed
1126 3890 1264 3969 graviter

134 3974 266 4038 onerari.
312 3974 352 4037 Et
383 3975 509 4056 deipara
539 3976 627 4057 virgo
654 3998 672 4038 a
696 3975 823 4037 coelesti
849 3975 989 4037 nuntio‘*
1011 3975 1151 4038 salutata
1176 3996 1264 4056 prae·

134 4061 315 4143 clarumque
352 4068 382 4123 ct
417 4061 576 4125 ineffabile
613 4062 794 4142 mysterium
827 4061 938 4123 edocta
976 4082 1035 4123 non
1074 4082 1106 4123 se
1145 4060 1266 4124 domini

136 4153 277 4223 matrem,
301 4169 363 4210 uon
380 4146 488 4221 liliam,
513 4169 575 4210 non
600 4169 746 4228 sponsam
771 4148 862 4224 dixit,
886 4148 940 4210 sed
964 4146 1119 4210 ancillam.
1172 4146 1265 4211 Simi-

133 4235 171 4297 lit
158 4239 214 4309 tor,
244 4256 307 4315 quo
337 4256 370 4296 se
393 4234 507 4316 abject
501 4256 550 4296 rus
575 4241 736 4297 monas-tae
760 4233 950 4315 deprimunt,
982 4255 1018 4297 oo
1041 4233 1210 4298 sublimius
1232 4235 1265 4297 in

134 4320 254 4383 coelum
301 4320 487 4384 evehuntur
552 4323 663 4396 Quare,
703 4320 743 4383 mi
777 4321 963 4383 srrarissime
998 4318 1133 4395 Urbane,
1172 4321 1198 4384 si
1235 4325 1266 4384 ts

201 4427 347 4508 arisati.
419 4461 432 4495 l
447 4455 530 4507 lr'r'rlre
546 4455 593 4520 [ἄν
610 4472 653 4505 rur
668 4454 782 4521 primur
780 4455 844 4506 wus-
871 4454 940 4505 ll'ml
960 4454 1005 4517 (nm
987 4450 1067 4516 mrip.
1060 4455 1091 4521 ¹).

204 4524 545 4591 ¹11isr.mttx,›.2
563 4523 722 4589 Silanionf
716 4541 744 4575 nr
762 4523 810 4576 ho
832 4524 958 4581 mirabile
977 4525 1045 4591 quod
1064 4523 1136 4576 nullo
1154 4523 1263 4577 ‹loc-tora

132 4593 226 4647 nobilis
244 4595 315 4647 luit.
351 4592 416 4648 Plin.
436 4593 504 4647 llist
523 4598 575 4647 nat
594 4591 722 4659 XXXIV,
741 4591 766 4658 8,
786 4594 825 4645 ill.
898 4544 996 4646 ³Coni.
1015 4592 1061 4658 IV,
1080 4593 1113 4646 1ss
1131 4592 1191 4646 Ant.

134 4663 263 4720 *vius
283 4663 359 4718 Born
377 4662 425 4732 ΙΙΙ,
443 4665 468 4719 6.
487 4662 552 4733 Opp.
571 4662 630 4718 Bas
651 4663 767 4730 robur>
787 4662 861 4716 1928.
