2774 4966
401 690 493 746 Eobau
511 708 545 745 au
564 691 677 746 Mation.
714 691 820 746 Mutiau
839 708 873 746 an
891 692 992 747 Eobau.
1196 695 1260 772 549

123 880 248 951 (anua.)
657 863 730 928 484.
1087 881 1154 948 (nar
1175 881 1261 949 1515.)

493 987 623 1057 Eoban
647 1009 695 1058 an
717 989 886 1060 lllutian.¹

271 1115 367 1183 (Klupe
384 1114 499 1175 Kabeira,
517 1116 580 1168 cluss
597 1133 626 1167 or
642 1115 699 1168 siet
717 1115 841 1169 Matiana
858 1115 929 1168 Zcm
947 1119 1114 1183 aaronem.)

214 1228 336 1305 Ferte,
360 1230 386 1291 si
409 1250 472 1310 qua
495 1229 574 1292 fides
597 1251 738 1312 unquam
761 1232 818 1292 tua
840 1232 969 1310 pectora
992 1230 1092 1308 novit,

255 1315 281 1378 si
305 1336 368 1397 qua
391 1315 451 1377 tibi
475 1319 523 1376 est
548 1315 658 1391 virtus,
683 1315 709 1377 si
733 1336 797 1395 qua
820 1314 880 1377 tibi
903 1318 952 1378 est
975 1315 1088 1396 pietas,

211 1421 266 1481 per
288 1403 330 1475 te,
355 1398 445 1470 Rufe,
469 1399 554 1481 lyrae
578 1404 609 1462 et
632 1400 753 1481 patriae
776 1399 954 1463 communis
977 1421 1127 1479 amorem,

257 1505 374 1565 perque
398 1484 482 1565 quod
507 1489 725 1566 estnequam,
750 1505 804 1566 per
827 1505 1024 1566 superosque
1048 1507 1172 1568 precor:

211 1591 291 1651 quae
315 1570 444 1632 tandem
468 1569 549 1632 ratio
573 1573 631 1644 est,
655 1592 717 1651 qua
742 1591 800 1633 nos
823 1574 1025 1633 contemnere
1049 1572 1160 1652 possis,

255 1676 295 1717 ne
318 1676 426 1736 precor
450 1654 582 1718 ulterius
606 1655 805 1718 dissimulare
830 1654 917 1719 velis.

213 1739 367 1803 Flectitur
391 1740 558 1815 immerito,
581 1740 648 1820 qui,
671 1761 734 1820 quo
757 1741 799 1803 sit
823 1741 955 1803 crimine
978 1737 1096 1822 lapsus,

254 1847 318 1889 uou
342 1825 429 1888 videt
451 1830 484 1887 et
506 1829 630 1888 sontem
655 1848 688 1888 se
711 1825 781 1887 siue
805 1827 888 1888 teste
910 1824 1006 1888 dolet.

212 1909 253 1975 Ut
277 1911 370 1975 modo
393 1914 580 1974 contemnas
603 1911 677 1984 (erit
699 1910 759 1973 hoc
782 1909 917 1974 tortasse
940 1909 1113 1986 ferendum,

254 1997 307 2059 sed
331 1997 493 2077 graviter),
518 2017 658 2072 causam,
682 2017 745 2076 qua
769 2006 932 2076 piemon·
954 1998 1031 2057 aute
1053 1994 1139 2059 doce.

211 2080 281 2144 Heu
305 2081 387 2143 male
410 2100 475 2144 non
499 2081 624 2162 patiens
647 2081 745 2144 animi
769 2079 860 2144 dolor
882 2081 1019 2161 imperat
1040 2079 1104 2143 irae

254 2166 408 2247 Musaque
432 2186 531 2247 paene
553 2187 633 2250 ausa
655 2169 704 2229 est
728 2164 904 2230 indoluisse
927 2164 1041 2248 palam.

211 2250 332 2315 Forsan
356 2250 516 2314 amicitiae
539 2251 672 2315 nimium
692 2250 879 2333 juveniliter
901 2255 1002 2328 actae,

254 2358 401 2419 quaeque
425 2336 593 2400 videbatur
615 2337 728 2418 gratia,
753 2357 857 2419 poena
879 2335 949 2400 luit.

210 2421 271 2496 ah,
294 2444 354 2503 ego
378 2444 433 2486 cur
456 2443 596 2505 unquam
622 2423 714 2486 miser
737 2422 777 2484 ad
801 2427 858 2485 tna
879 2421 990 2486 limina
1013 2421 1095 2493 veui,

255 2508 333 2571 dure
357 2508 458 2570 viret
481 2513 590 2571 nostro
615 2508 745 2570 crimine
769 2528 868 2588 paene
893 2506 1032 2570 nocens?

213 2593 311 2656 Parce
335 2597 441 2656 tamen
465 2594 627 2675 (quoniam
653 2596 794 2674 praestat
816 2595 942 2657 tentare
963 2590 1131 2671 rogaud0):

258 2678 377 2741 invidia
400 2699 463 2741 non
485 2700 554 2742 surn
579 2679 706 2760 diguus,
728 2678 839 2752 amice,
863 2682 928 2741 tua.

278 2777 340 2832 eod.
359 2777 426 2831 Frof.
448 2777 506 2830 521.

125 2964 241 3034 (Gotho.)
651 2948 724 3013 485.
876 2962 927 3032 (22.
947 2963 1009 3016 oder
1027 2962 1067 3015 23.
1087 2959 1152 3015 Mar
1172 2961 1257 3025 rme.)

500 3074 644 3144 Mutian
667 3094 717 3143 an
739 3074 879 3143 Euhan.

125 3200 333 3268 (Versicterurrp
350 3203 438 3254 seinos·
456 3200 670 3269 Arrfriclrts'ploit,
696 3217 771 3252 rrerm
788 3217 817 3252 er
837 3199 940 3254 (totus'
964 3198 1048 3265 Bries
1065 3197 1205 3250 vertraaat
1223 3214 1260 3249 aa

125 3270 209 3323 auom
234 3269 376 3338 saeuas.
411 3270 508 3338 Brrapt
531 3287 596 3322 aura
619 3269 732 3322 Boacias
749 3269 792 3321 die
808 3269 854 3321 der
879 3268 1056 3334 temtationem
1081 3271 1260 3334 crapanpeaen

514 3338 608 3391 Staclc
624 3338 668 3390 dos
687 3337 789 3404 Briefeo
808 3339 872 3404 nor.)

304 3451 434 3502 Ecbano
452 3463 508 3502 suo
525 3455 637 3513 poetae
656 3451 859 3502 disertissimo
878 3448 934 3516 (M.
952 3445 1075 3514 Rufus).

228 3560 261 3625 S.
310 3561 441 3625 Factum
467 3567 515 3625 eet
538 3563 646 3626 diviua
677 3585 745 3626 reor
777 3561 988 3643 providentia,
1022 3581 1103 3640 quae
1137 3578 1260 3639 semper

125 3646 187 3709 illis
222 3648 317 3724 favet,
351 3647 406 3729 qui
438 3651 590 3711 stateram
622 3668 685 3712 uon
717 3646 931 3724 transsiliunt,
962 3647 1029 3708 eive
1059 3649 1096 3708 tu
1127 3641 1258 3707 Critolai

126 3729 281 3795 bilancem
324 3733 390 3795 sive
427 3732 558 3796 alterins
596 3733 750 3796 trutinam
786 3731 1023 3808 desideraveris,
1062 3734 1097 3793 ut
1128 3726 1260 3792 libertas

125 3809 321 3881 mea'fidelis
345 3822 378 3881 et·
400 3819 524 3880 sincera
545 3823 691 3881 neutram
715 3818 747 3879 in
772 3820 893 3898 partem
924 3815 1025 3879 librae
1056 3818 1175 3895 vergat,
1204 3814 1258 3876 sed

125 3923 228 3982 aequo
259 3902 411 3983 justoque
446 3902 522 3965 boui
556 3907 588 3965 et
618 3903 703 3966 docti
738 3903 795 3965 viri
830 3900 1024 3983 ponderibus
1058 3897 1257 3981 respondeat.

196 4068 209 4094 a
226 4055 296 4105 State
315 4070 367 4120 qua
384 4071 488 4121 pronior
507 4053 597 4106 rea:
617 4053 662 4106 sod
681 4056 776 4106 tamen.
1225 4117 1229 4125 ι

199 4122 287 4175 ¹Dies
317 4121 507 4190 Klagegedioht
525 4121 612 4173 istim
632 4121 693 4175 (fed.
715 4137 748 4173 an
767 4120 812 4174 Nr.
831 4120 878 4172 521
906 4120 1061 4186 augshtingt
1086 4118 1148 4171 ater·
1171 4133 1201 4170 es
1223 4122 1260 4167 rst

129 4189 212 4240 durch
233 4190 275 4242 ein
295 4190 430 4242 Verseheu
449 4206 481 4243 au
500 4190 573 4242 disse
590 4188 670 4242 Stella
689 4192 802 4256 geratou.
838 4188 873 4240 Ee
885 4187 993 4240 wareiu
1011 4185 1168 4255 boigolegtos
1187 4183 1259 4237 Blatt

129 4255 167 4307 im
186 4257 382 4314 Brielaeclrsel.
401 4260 461 4310 deur
480 4259 527 4310 der
544 4257 727 4319 Absotrrniber,
745 4257 795 4308 wie
813 4256 947 4308 nrehrlach
968 4255 994 4307 iu
1012 4252 1258 4318 thulicheuFitlleu,

127 4322 186 4376 eino
216 4325 411 4380 uillkr'iluliche
438 4326 518 4378 Stella
545 4325 718 4393 augowieeon.
753 4325 803 4377 Dio
830 4324 867 4375 irn
892 4323 998 4392 rorigou
1025 4322 1112 4376 Brielo
1138 4320 1258 4397 citicrten

127 4391 210 4444 Versa
231 4394 353 4446 lrornmen
373 4395 446 4447 darin
465 4394 538 4446 nieht
556 4410 617 4458 vor3
641 4395 688 4445 dor·
705 4392 813 4458 Vorlall,
831 4395 878 4444 aas
893 4393 944 4444 don
962 4408 991 4444 os
1010 4392 1067 4444 sich
1087 4389 1198 4450 bozielrt,
1222 4391 1260 4439 rst

126 4458 182 4511 also
200 4461 276 4514 nicht
296 4478 382 4529 genan
399 4461 528 4523 derselbe,
546 4461 608 4514 ater
624 4460 742 4514 ottenbar
758 4461 801 4513 eiu
819 4460 991 4513 vorn'andter.
1021 4456 1259 4512 DioarnSchlusse

126 4525 230 4581 Mutian
253 4531 441 4597 rorgehaltene
459 4528 561 4584 invidia
577 4526 654 4582 weist
670 4528 772 4582 Mutian
789 4527 872 4581 echon
890 4528 917 4580 in
934 4528 977 4582 Br.
996 4528 1048 4582 479
1065 4527 1105 4580 ab.
1152 4592 1158 4603 .
1176 4525 1188 4559 ‘
1204 4523 1259 4579 Das

125 4595 223 4649 Datum
244 4599 313 4651 nach
331 4597 374 4651 Br.
393 4597 453 4662 487,
472 4598 500 4650 in
519 4596 646 4651 walchem
674 4597 763 4651 Urban
790 4596 899 4650 ersucbt
923 4596 998 4652 aud.
1025 4594 1090 4648 aerei
1114 4591 1201 4649 Bnefe
1225 4607 1263 4644 aa

124 4662 223 4732 Eoban,
244 4666 392 4720 »hesternae
410 4669 437 4719 et
453 4668 625 4735 praesentes«,
643 4665 807 4735 abrogatae.
