2774 4966
413 39 1385 252 -

135 587 199 653 542
552 584 640 640 Briale
658 587 704 641 des
722 586 746 642 J.
767 587 841 642 1515.

136 761 294 826 scotinum
325 759 344 821 i.
375 780 400 820 e.
428 759 672 822 tenebricosum.
719 759 935 824 Hortatur-et
963 767 1081 842 monet,
1112 765 1149 827 ut
1179 783 1269 827 com·

138 852 278 912 meatum
301 849 333 907 et
356 845 464 925 copias
485 846 516 907 in
541 844 772 924 profligandum
797 844 921 909 bostem
948 867 1048 927 pares.
1093 844 1161 929 Ego
1191 870 1268 913 vero

137 932 304 997 consilium
339 930 498 1010 majestati
532 935 607 991 tuae
641 930 749 992 datum
778 953 840 994 non
864 931 1018 1012 improbo.
1064 933 1266 1016 Quamquam

137 1017 314 1082 consultius
331 1016 474 1077 videatur
490 1016 668 1090 connivere,
687 1021 722 1077 ut
738 1017 864 1079 interim
881 1038 970 1096 reges
986 1017 1090 1081 solent
1104 1018 1266 1083 latronum

138 1104 277 1167 insultus
301 1105 550 1164 contemnentes,
596 1099 675 1162 Nam
693 1101 790 1164 ludus
806 1102 934 1184 elephas
957 1102 1087 1166 culicem
1112 1104 1266 1185 pulicem-

135 1210 196 1271 que
228 1209 291 1250 non
324 1187 416 1248 timet
439 1207 541 1267 neque
564 1185 612 1247 leo
635 1207 770 1249 muscas.
819 1187 962 1268 „Nobilis
985 1189 1017 1251 in
1041 1210 1168 1252 muscas
1199 1211 1264 1254 non

135 1275 212 1339 lurit
246 1294 298 1335 ore
334 1271 415 1347 leo“,
449 1277 485 1334 ut
519 1271 624 1350 inquit
662 1270 799 1334 lascivus
836 1278 938 1355 poeta.
985 1273 1098 1336 Verum
1133 1276 1266 1355 gravius

136 1364 229 1442 urget
262 1356 391 1432 bellum,
417 1356 466 1418 cui
491 1356 552 1417 nisi
576 1355 763 1419 Herculeum
797 1359 893 1421 robur
925 1360 1121 1439 opposueris,
1154 1366 1263 1424 actum

135 1446 174 1509 de
208 1450 240 1508 te
274 1447 306 1505 et
339 1442 470 1523 imperio
504 1440 665 1521 judicabo.
716 1442 806 1505 lntus
840 1449 888 1506 est
923 1443 1033 1516 hostis
1068 1445 1266 1509 domesticus

136 1536 298 1613 grassator
328 1527 473 1608 jugulum
508 1528 632 1608 impetit
657 1531 689 1590 et
711 1533 757 1604 tn,
781 1549 861 1609 quae
891 1534 947 1591 tua
977 1538 1024 1592 est
1054 1531 1209 1594 securitas
1231 1537 1266 1594 et

136 1615 333 1697 simplicitas,
357 1613 474 1674 dormis
497 1613 529 1673 in
554 1619 752 1691 utramque·
774 1635 880 1676 aurem
904 1615 1028 1677 otiosus
1045 1637 1146 1698 neque
1161 1619 1265 1680 sentis

134 1702 290 1766 irudinem
315 1698 363 1760 vel
388 1699 494 1779 potius
510 1697 628 1760 lernam
646 1699 808 1761 malorum.
856 1699 952 1761 Dulce
970 1701 1096 1776 malum,
1113 1701 1265 1766 deformis

133 1786 291 1862 illecebra,
330 1784 450 1864 grando
480 1789 512 1844 et
542 1781 706 1844 calamitas
741 1791 852 1865 poetae
886 1805 975 1847 uxor.
1021 1785 1066 1847 De
1098 1807 1161 1867 qua
1196 1793 1262 1850 tam

135 1874 272 1954 copiose,
284 1875 350 1933 tam
364 1869 510 1931 ardenter
526 1868 652 1948 scripsit
669 1867 794 1944 Crotus,
807 1875 842 1931 ut
855 1872 1082 1952 concerpserim
1100 1872 1264 1954 epistolas.

133 1958 215 2036 Quid
249 1954 383 2018 multis?
427 1953 656 2015 Inflammatior
686 1953 748 2016 suit
778 1956 808 2016 in
833 1955 1032 2035 objurgando
1064 1978 1159 2038 quam
1191 1978 1261 2038 ego.

133 2041 290 2108 Mirantur
312 2061 432 2117 omnes,
456 2060 518 2119 qua
541 2039 663 2101 ratione
680 2042 781 2120 possis
804 2045 869 2102 tam
894 2047 1052 2115 nasutum,
1075 2048 1139 2104 tam
1158 2043 1264 2106 lurore

133 2134 166 2193 et
188 2127 288 2191 macie
311 2124 488 2187 confectam
512 2145 626 2186 amare.
672 2124 740 2199 Hei,
764 2124 835 2201 heu,
859 2125 935 2188 ohel
981 2126 1157 2199 Hucaddo,
1175 2129 1262 2208 quod

133 2215 264 2278 reticere
288 2232 351 2273 non
376 2209 487 2283 debeo,
518 2209 687 2271 aleatorem
711 2215 743 2271 te
766 2231 834 2272 esse
857 2217 888 2273 et
911 2210 1070 2274 ebriosum
1101 2234 1171 2276 cum
1204 2221 1262 2276 tuo

133 2299 216 2364 malo
239 2297 388 2361 maximo.
435 2295 564 2375 Corrige
587 2296 679 2357 sodes
702 2295 794 2357 istam
827 2295 976 2358 fabulam.
1023 2296 1170 2361 Urbanus
1199 2299 1262 2362 tibi

130 2385 272 2468 jucunda
295 2381 446 2458 narrabit,
475 2401 533 2460 ego
557 2384 680 2443 acetum
704 2381 756 2462 pio
780 2381 885 2443 animo
917 2382 1092 2464 propinavi,
1126 2391 1262 2469 uterque

130 2473 179 2534 tui
203 2467 450 2533 amantissimus.
496 2465 580 2527 Vale.

284 2566 345 2620 Cod.
364 2565 430 2617 lbos.
449 2564 507 2618 468.

127 2757 245 2827 (coma.)
655 2738 728 2799 477.
1029 2755 1067 2806 13.
1087 2753 1141 2807 uu
1160 2756 1259 2825 (1515).

503 2864 648 2933 Mutian
671 2885 720 2934 an
742 2864 884 2934 Eoban.

133 2994 243 3060 (Trdrtct
269 2992 332 3044 vr'rber
349 2992 391 3043 dr'e
411 2991 569 3059 Spdtlcrer'en
588 2992 631 3044 des
654 2992 747 3045 &otrus
773 2992 828 3058 aris
849 2992 955 3044 Eodem
987 2991 1176 3059 lbrlrerratuny
1202 2994 1261 3046 unul

393 3059 492 3124 sordert
510 3077 547 3111 arr
564 3061 760 3112 dr'clrterdsrhenr
781 3061 902 3126 Srtrnfferr
922 3060 989 3126 urrfi)

162 3176 292 3226 Eobano
309 3174 410 3224 Hasso
428 3174 598 3232 fortunato,
616 3175 641 3223 si
660 3186 788 3224 uxorem
806 3187 869 3223 non
886 3174 1026 3232 haberet,
1050 3175 1093 3223 M.
1111 3173 1223 3226 nulus.

232 3284 264 3349 S.
310 3283 426 3365 Magno
450 3285 493 3347 sis
517 3286 622 3348 animo
646 3289 678 3348 et
700 3284 784 3348 forti.
830 3284 901 3348 Non
934 3289 966 3347 te
996 3285 1167 3348 amicornm
1199 3286 1257 3349 ob-

125 3372 323 3454 jurgationes
346 3373 378 3434 in
403 3372 652 3452 desperationem
678 3377 820 3451 urgeant.
867 3371 965 3434 Nemo
989 3376 1038 3433 est
1060 3371 1128 3433 sine
1144 3371 1257 3454 volup-

128 3462 195 3521 tate
218 3462 251 3520 et
280 3457 612 3538 dolerequamquam
644 3457 721 3518 baec
756 3457 846 3519 duob
878 3457 961 3519 mala
995 3457 1141 3538 opposita
1173 3458 1258 3521 inter

127 3565 197 3606 sese
220 3542 360 3605 habeant
382 3542 530 3604 virtutem
564 3542 708 3619 mediam,
740 3563 834 3622 quam
868 3544 960 3624 pauci
991 3547 1125 3624 possunt
1157 3543 1255 3605 attin-

127 3650 209 3711 gere.
248 3627 293 3690 Ea
309 3628 388 3690 mihi
404 3633 478 3690 estc
500 3628 601 3690 Beata
621 3626 859 3707 Tranquillitas,
878 3627 1111 3709 popularibus‘¹
1135 3628 1255 3708 religio,

126 3718 159 3778 in
183 3735 246 3795 qua
269 3734 433 3776 censemus
466 3713 592 3776 beatam
626 3714 723 3775 vitam
758 3713 921 3776 homiuum
957 3714 1141 3776 collocat-am
1175 3735 1254 3776 esse.

126 3801 237 3882 ltaque
268 3799 439 3862 inducias⁰
471 3821 542 3862 cum
577 3820 675 3861 uxore
708 3799 815 3872 facito,
849 3799 954 3880 quoad
988 3799 1124 3860 medium
1165 3798 1254 3871 illud,

126 3886 240 3967 partim
276 3885 415 3947 fatuaria
453 3885 637 3947 titillatione
674 3885 788 3965 sopita,
827 3886 941 3965 partim
983 3883 1100 3946 doloris
1137 3882 1256 3947 ferocia

124 3971 293 4044 refrenata,
323 3971 341 4032 i.
371 3971 426 4032 ef
451 3971 549 4032 animi
580 3970 845 4049 tranquillitatem
881 3970 1038 4032 obtineas.
1083 3969 1119 4031 ln
1154 3971 1256 4050 prima

192 4172 206 4200 ⁸
220 4160 355 4223 utrunque.
419 4160 433 4196 b
447 4159 492 4207 tuo
512 4154 585 4206 lens.
647 4156 714 4206 cest
731 4154 797 4205 mihi
818 4154 891 4206 Terra.
955 4151 1154 4220 dpupularibus
1175 4152 1249 4205 Terra

125 4227 262 4279 eindieias
282 4225 355 4279 lbra.
430 4224 467 4277 li.
487 4240 509 4278 e.
526 4223 589 4289 fhtrlt
607 4222 648 4274 dei
667 4223 740 4274 Tenc.

123 4317 153 4367 A,
174 4313 197 4366 2.
233 4312 322 4364 Eoban
348 4313 419 4362 hatte
438 4327 471 4361 zu
489 4308 595 4362 Cordus'
623 4309 745 4361 Defensio
763 4308 805 4359 eiu
824 4307 993 4375 anziiglielros
1022 4307 1140 4359 Voruort
1167 4321 1251 4372 gagen

122 4383 169 4435 das
187 4379 444 4433 Scbmaclrbdcblein
462 4378 509 4430 des
526 4377 636 4445 Spurius
655 4380 773 4435 utacum:
791 4375 890 4428 Tilouin
909 4376 1033 4443 geliciort.
1071 4374 1172 4426 Mutina
1198 4390 1254 4427 war

123 4451 172 4503 mit
189 4450 274 4501 dicsur
291 4448 482 4513 Einmisclrung
499 4447 600 4499 Fobans
619 4445 681 4499 sehr
697 4444 866 4497 unaulricden
886 4445 939 4497 und
958 4444 1080 4496 niet-ihm
1097 4442 1180 4494 lieber
1201 4444 1254 4495 deu

113 4519 202 4572 Feind
218 4519 257 4570 inr
275 4517 371 4570 luucrn
399 4516 520 4585 (Familia
543 4515 645 4584 Spatcr)
665 4514 704 4566 als
722 4515 847 4566 drarusen
866 4529 899 4564 au
917 4513 1025 4564 suetreu.
1061 4510 1193 4565 Krause.
1224 4511 1253 4564 E.

100 4587 182 4641 Hcss,
201 4588 222 4650 l,
245 4590 299 4642 red
314 4591 342 4642 ll]
