2774 4966
564 630 670 685 blutian
688 647 722 684 an
740 631 840 687 Urban.
1211 633 1269 698 181

135 801 241 863 minos
262 800 425 880 sapienter
447 820 543 880 quam
575 800 708 863 feliciter
738 800 828 879 gerit,
859 804 948 863 totus
975 801 1094 881 pietate
1121 801 1267 883 insignis

136 890 224 948 totus
246 883 383 948 Matiani
407 885 596 962 admirator3
626 891 714 949 totus
738 886 861 966 integer
884 886 1074 965 scelerisque
1097 907 1205 967 purus,
1230 892 1270 950 ut.

135 971 232 1034 etiam
257 969 323 1033 divi
346 969 497 1033 Bernardi
514 970 728 1034 cubicularius
751 971 915 1033 eunuchus
932 992 1001 1033 esse
1017 977 1133 1051 posset.
1160 970 1268 1035 Garrit

135 1055 240 1118 forsan
271 1055 382 1118 nescio
410 1055 486 1136 quid
522 1060 632 1119 coetus
662 1056 879 1137 imperitarum
912 1057 1068 1135 virginum
1098 1063 1130 1119 et
1154 1059 1270 1139 repetit

135 1140 403 1215 benevolentiam,
427 1161 509 1221 quae
526 1140 654 1204 Urbano
672 1163 740 1204 cum
759 1141 893 1223 profuga
910 1141 981 1204 fnit.
1005 1140 1093 1203 Esto.
1118 1141 1270 1205 Dederint

137 1226 270 1289 invicem
294 1226 510 1289 internuntiae
538 1227 698 1308 epistolas,
729 1228 851 1290 minuta
875 1227 1015 1300 donaria,
1047 1227 1214 1290 inviserint
1235 1250 1268 1291 se

136 1317 246 1374 mutuo
268 1310 431 1388 ·libenter‚
465 1312 672 1375 consederint.
696 1312 727 1374 iu
757 1311 835 1374 cella
870 1313 983 1393 cupide
1014 1311 1267 1389 confabulantes,

136 1397 217 1460 ultro
241 1417 335 1459 aures
365 1396 557 1459 arrexerint:
592 1418 652 1460 non
678 1398 748 1460 ideo
779 1397 946 1478 suspiciosi
975 1397 1102 1471 erimus,
1131 1419 1200 1460 cum
1226 1399 1269 1461 sit

136 1482 260 1563 antiqui
286 1481 392 1557 moria,
417 1480 509 1545 licere
537 1483 696 1545 monastic
729 1483 845 1545 babere
875 1482 1069 1553 caritatulas,
1103 1504 1182 1563 quas
1208 1506 1266 1564 ego

137 1588 300 1648 nunquam
317 1566 456 1629 amasias
472 1570 529 1629 aut
544 1567 721 1649 impudicas
738 1567 958 1648 appellarem.“
988 1567 1054 1646 „Ita
1070 1567 1147 1641 est,“
1164 1569 1269 1650 inquit

138 1651 239 1716 bonus
263 1651 433 1715 Duronius.
482 1650 562 1733 ,Sed
580 1676 635 1716 cur
652 1653 836 1716 notabiliter
853 1653 975 1734 palluit,
993 1653 1091 1714 macie
1108 1653 1266 1728 deformis,

138 1742 244 1801 ventre
260 1737 400 1818 turgido,
423 1758 478 1800 cur
494 1736 629 1819 denique
645 1759 770 1819 gregem
787 1739 940 1820 reliquit‘?
974 1737 1073 1818 Signa
1090 1743 1166 1800 sunt
1183 1760 1268 1801 corn·

138 1843 260 1904 pressae
288 1826 321 1886 et
353 1822 532 1903 gravidac.“
585 1823 632 1886 Ad
663 1823 750 1900 haec,
783 1845 853 1885 cum
883 1823 1104 1904 objicerentur,
1143 1825 1265 1886 narravi

139 1908 276 1972 fabulam
300 1907 339 1971 de
362 1908 469 1988 equite
491 1909 709 1991 praesidiario¹
735 1910 917 1989 monuique,
943 1912 979 1971 ut
1002 1930 1125 1970 murum
1142 1931 1161 1971 a
1176 1914 1266 1989 tergo

138 1993 280 2057 coenobii
302 1993 491 2056 semirutum
512 1999 545 2058 et
567 1998 727 2057 vetustate
750 1994 959 2057 collabentem
986 1993 1187 2056 reficiendum
1212 2017 1267 2057 cu·

138 2086 225 2157 rarat,
250 2101 292 2141 ne
315 2077 443 2142 lascivis
461 2079 633 2160 juvenibus
658 2079 761 2143 facilis
784 2083 893 2160 pateat
915 2079 955 2141 ad
978 2079 1101 2160 puellas
1126 2080 1266 2142 inclusus

137 2164 249 2242 aditus,
281 2162 418 2246 garrulis
445 2170 626 2245 quoquest
650 2170 769 2227 statum
802 2164 1016 2227 coenobialem
1041 2165 1072 2226 in
1097 2165 1264 2227 discrimen

138 2250 261 2314 incauta
285 2248 480 2331 loquacitate
511 2250 756 2331 conjicientibus
786 2271 870 2330 aqua
901 2254 933 2312 et
957 2250 1022 2328 igni
1053 2251 1265 2323 interdiceret,

138 2356 201 2399 cum
225 2336 295 2399 sint
317 2355 398 2416 quae
421 2335 550 2399 levitate
583 2336 680 2398 animi
706 2336 752 2398 vel
776 2337 884 2417 potius
916 2336 1036 2398 invidia
1064 2340 1161 2415 atque
1192 2336 1265 2398 odio

137 2440 194 2485 nou
216 2421 288 2484 visa
311 2419 446 2500 lingant,
469 2442 533 2484 non
556 2421 666 2485 audita
690 2421 870 2501 loquantur.
917 2419 951 2483 Si
976 2421 1059 2483 euim
1083 2443 1179 2483 serus
1204 2421 1265 2484 iste

138 2505 290 2571 femineus
313 2510 430 2569 natura
453 2506 554 2570 futilis
577 2511 626 2570 est
650 2512 682 2569 et
703 2508 853 2569 rimarum
879 2507 999 2587 plenus,
1032 2506 1132 2569 multo
1164 2507 1265 2587 magis

138 2590 165 2655 id
180 2592 252 2657 ritii
268 2591 408 2671 contigit
423 2593 545 2655 otiosis.
575 2592 738 2655 Postremo
756 2592 839 2653 dixit
855 2592 1011 2672 propitius
1027 2598 1132 2672 pater:
1154 2591 1266 2671 ,Prae-

136 2677 247 2760 cipiam
305 2677 476 2758 racposito,
512 2683 548 2740 ut
582 2678 686 2741 edicto
716 2677 926 2759 prohibitorio
961 2677 1122 2739 silentium
1156 2676 1263 2741 faciat.

135 2760 255 2827 liceum
277 2699 342 2826 iirit
365 2760 522 2826 Urbanus.
569 2761 693 2826 Crimen
718 2763 884 2825 infitiatur.
922 2761 1266 2825 Diestandemornnia

133 2846 316 2912 revelabit.“
365 2845 444 2910 Tum
468 2848 606 2930 suscepi:
634 2848 750 2929 „Recte
773 2848 898 2910 statuis.
923 2845 1058 2928 Scripsit
1081 2847 1208 2909 etmihi
1232 2870 1265 2911 se

136 2933 340 2998 innocentem
365 2953 433 2995 esse
463 2933 556 2996 deum
580 2938 693 2997 testem
725 2933 920 2995 advocando.
977 2931 1104 2995 Mentiri
1137 2933 1264 3009 famam,

133 3018 236 3083 dolere
259 3017 324 3083 sibi
348 3017 550 3081 vehementer
572 3023 699 3081 tuntum
717 3019 871 3081 mendacii
889 3017 1032 3080 vulnus.“
1070 3017 1127 3080 His
1142 3024 1264 3081 secreto

131 3103 306 3188 disputatis
328 3103 473 3167 ascendit
494 3104 534 3167 ad
557 3126 615 3167 nos
639 3105 847 3185 praepositus,
880 3124 943 3184 quo
967 3103 1155 3165 adveniente
1187 3103 1262 3184 petii

131 3190 331 3254 vacationem
359 3188 494 3269 prandii.
518 3194 555 3252 ut
576 3190 686 3252 liceret
708 3189 785 3252 mibi
803 3188 931 3251 domum
955 3189 993 3250 ad
1011 3187 1168 3269 hospitem
1193 3188 1263 3249 afli·

131 3274 231 3338 nitate
251 3274 411 3355 junctum,
435 3275 491 3354 qui
514 3295 562 3338 me
578 3271 785 3354 expectavit‚²
803 3275 911 3336 redire.
936 3273 1068 3335 Annuit.
1101 3273 1163 3342 Sic,
1180 3274 1264 3353 quod

131 3365 176 3435 tu,
198 3359 339 3431 Urbane,
363 3360 545 3422 novissimis
569 3360 646 3422 milri
671 3360 769 3422 literis
793 3359 987 3440 injunxeras,
1014 3363 1049 3419 ut
1073 3359 1262 3437 susciperem

130 3447 381 3520 excusationem,
397 3444 558 3508 silentium
577 3466 785 3526 procurarem,
803 3445 918 3507 amoris
937 3444 1050 3505 sinceri
1075 3444 1269 3522 suffragator

130 3552 230 3593 essem
254 3534 288 3592 et
307 3528 461 3610 judicium
497 3531 560 3593 imo
585 3530 810 3611 praejudicium
838 3536 956 3591 temere
989 3549 1050 3590 non
1080 3529 1203 3590 ratione
1232 3535 1265 3590 ct

130 3615 263 3679 consilio
287 3615 488 3695 loquentium
511 3615 713 3693 retardarem,
736 3638 755 3678 a
778 3636 826 3677 me
849 3615 958 3677 sedulo
982 3613 1100 3675 fuctum
1126 3635 1194 3675 esse
1218 3614 1264 3675 iu·

128 3700 257 3780 telligis.
304 3699 415 3779 Neque
438 3720 511 3763 vero
534 3701 694 3780 quiescam
719 3702 749 3763 in
768 3700 937 3762 asserenda
952 3699 1136 3778 tuendaque
1159 3698 1264 3778 eligni-

129 3789 197 3849 tate
218 3790 287 3855 tua,
311 3805 405 3866 quam
423 3784 499 3848 mali
523 3796 656 3865 possunt
679 3785 842 3862 infamare,
868 3785 942 3847 boni
967 3806 1028 3846 non
1047 3788 1181 3864 possunt
1200 3806 1264 3846 nou

128 3871 258 3933 laudare
281 3891 319 3932 ac
342 3868 508 3933 defendere
530 3869 571 3932 ab
595 3871 710 3951 injuria
734 3892 835 3932 rernm
860 3876 892 3932 et
915 3870 1091 3931 verborum.
1125 3868 1265 3949 Navigas

127 3956 228 4035 igitur
250 3955 283 4017 in
308 3961 401 4036 portu
424 3955 563 4018 securior
586 3955 711 4019 futurus
734 3978 828 4037 quam
853 3960 955 4017 antea.
1003 3956 1202 4034 Quianquam,
1227 3959 1264 4015 ut

128 4040 228 4103 libere
251 4045 358 4103 tecum
382 4061 485 4120 agam,
509 4041 571 4102 nisi
596 4041 733 4103 clemens
757 4048 789 4102 et
812 4042 912 4102 nostri
936 4041 1072 4119 diligens
1095 4046 1179 4101 esset
1199 4039 1263 4101 llu-

127 4126 250 4199 ronius‚
272 4129 382 4187 actum
405 4125 443 4187 de
457 4137 490 4188 te
512 4130 605 4188 esset.
654 4124 716 4188 Sed
739 4126 865 4188 omissis
888 4148 994 4188 severe
1011 4125 1104 4188 dictis
1129 4123 1265 4187 civiliter

128 4216 162 4275 et
184 4212 289 4273 amice
311 4210 415 4291 magis
434 4209 506 4291 joco
530 4231 624 4290 quam
649 4211 740 4286 serio,
764 4211 789 4273 si
814 4211 940 4292 pateris,
965 4231 1057 4288 rogo:
1082 4208 1115 4272 Si
1133 4210 1203 4279 fuit,
1228 4214 1264 4270 ut

132 4297 195 4371 aia,
224 4295 311 4358 inter
340 4316 396 4358 vos
426 4296 568 4358 sincerus
591 4301 623 4358 et
646 4301 752 4358 castus
775 4318 870 4370 arnor,
905 4296 989 4357 unde
1021 4301 1129 4357 uenter
1152 4298 1263 4374 protu-

132 4379 276 4445 berans?
322 4379 404 4443 Num
429 4380 513 4443 Mars
539 4380 656 4443 Urbani
680 4381 807 4443 delitias
824 4381 911 4443 velut
924 4381 1056 4442 alterum
1073 4380 1161 4442 lliam
1178 4400 1264 4442 com·

201 4516 210 4547 ¹
227 4512 334 4569 rtrum
352 4512 439 4567 lenkto
457 4514 506 4567 den
525 4514 659 4567 Vcrducbt
678 4515 724 4567 des
743 4516 824 4566 Attus
843 4516 889 4566 aul
905 4514 982 4565 eiueu
996 4513 1095 4579 jungeri
1113 4511 1192 4564 blarru
1210 4527 1263 4563 ron

124 4584 173 4638 der
191 4582 344 4651 Bemmung
361 4582 408 4635 dee
427 4582 653 4635 Grimmonstcins.
725 4582 810 4635 lVon
837 4583 936 4634 diesem
962 4580 1082 4635 llcsnche
1106 4580 1178 4633 ciues
1196 4579 1262 4632 Ver·

124 4652 251 4709 maen
269 4651 306 4707 iat
322 4653 396 4705 sonat
412 4651 536 4720 nirgcnds
555 4651 598 4705 die
616 4651 696 4705 Rode.
