2774 4966
561 30 564 51 Ι

391 29 1308 294 m

691 496 712 530 θ

127 597 191 661 220
539 596 625 651 Brieie
643 595 690 651 das
707 598 732 652 J.
753 597 826 653 1512.

129 768 263 832 Mutium
289 768 471 845 committit,
494 767 639 832 Mutiano
662 773 768 833 tamen
801 791 864 833 non
889 771 1067 852 respondet.
1100 770 1189 850 quod
1214 775 1266 836 est

130 853 299 917 incivilius,
346 853 525 916 Amicorum
549 855 631 917 enim
650 876 746 918 causa
763 857 940 938 praecipua.
977 855 1086 919 officit
1100 856 1266 921 amicitiae

129 938 302 1015 silentium,
326 937 406 1001 etsi
430 940 666 1020 perignaviam
695 946 846 1015 cessatur,
879 946 956 1004 sunt
990 949 1095 1004 tamen
1125 942 1181 1021 qui
1206 962 1265 1023 pu·

129 1029 200 1087 ient
222 1029 326 1087 tacere
350 1046 419 1085 esse
442 1024 579 1106 superbi.
626 1025 690 1087 Ista
718 1027 893 1090 mittamus.
939 1025 1041 1089 Sudet
1067 1027 1099 1089 in
1122 1047 1183 1088 sua
1207 1049 1265 1111 pa·

130 1111 247 1173 laestra
269 1131 327 1172 suo
340 1109 418 1189 jure.
465 1109 627 1173 Subantes
643 1110 740 1173 nullis
754 1133 857 1193 neque
872 1111 1004 1176 monitis
1020 1132 1123 1192 neque
1139 1112 1266 1177 cavillis

131 1196 314 1258 excitantur
343 1195 383 1257 ad
405 1194 555 1257 olficium.
601 1194 737 1278 Superbi
765 1218 839 1260 vero
866 1217 1017 1279 responsa
1048 1195 1202 1260 differunt
1231 1204 1267 1262 et

134 1302 192 1343 suo
210 1281 355 1343 nituntur
371 1279 512 1342 arbitrio.
538 1280 637 1342 Aliter
654 1282 808 1364 praecipit
823 1282 1003 1346 Bernardus
1018 1288 1106 1346 tuus:
1127 1282 1266 1362 „Omnia

134 1367 184 1428 fac
207 1387 276 1427 cum
302 1364 434 1428 consilio
458 1386 516 1427 nec
537 1370 643 1428 tamen
668 1368 809 1430 omnium
832 1373 889 1431 aut
911 1388 1184 1450 quorumcunque,
1208 1369 1266 1432 sed

135 1450 319 1513 bonorum.“
368 1450 413 1511 Ad
444 1457 549 1512 nostra
575 1458 777 1515 revertamur.
831 1453 978 1515 Praedixi
1000 1451 1263 1530 Daunebaccb0‚'

133 1536 217 1616 quod
235 1536 349 1597 evenit.
386 1535 547 1598 lledissem
564 1535 647 1606 ΧΠ,1
672 1542 708 1600 ut
724 1536 873 1600 Rufinus⁸
897 1537 1024 1601 Christo
1047 1537 1266 1618 dedicaretur3

130 1627 240 1703 postea
268 1621 423 1684 dedissem
456 1620 546 1697 Vlll,
586 1625 623 1683 ut
651 1644 740 1684 meae
770 1623 938 1701 dignitatis
966 1625 1047 1686 ratio
1080 1622 1265 1687 haberetur.

134 1706 201 1769 iliis
224 1707 315 1769 aliter
333 1707 460 1786 placuit..
496 1705 587 1768 Nunc
609 1708 755 1788 equidem
774 1730 812 1770 ne
827 1709 975 1772 trientem
992 1708 1119 1789 quidem
1145 1709 1265 1773 darem.

132 1792 276 1855 Mutatus
304 1799 351 1855 est.
385 1792 469 1854 enim
494 1799 599 1854 status
630 1815 845 1874 personarum,
873 1798 905 1856 et
928 1795 1012 1874 quod
1040 1799 1115 1856 ante
1138 1793 1266 1858 Morum

131 1900 185 1959 per
206 1879 279 1940 lites
303 1877 442 1940 modicas
473 1877 694 1953 obtinuissem,
729 1901 812 1942 nune
835 1885 908 1960 post
930 1878 1052 1943 Morum
1085 1902 1178 1943 nemo
1203 1881 1266 1944 nisi

130 1964 321 2045 pecuniosus
337 1968 368 2026 et
390 1962 491 2025 litium
512 1964 645 2045 cupidus
665 1971 861 2046 assequetur.
896 1964 1016 2028 Viderit
1036 1965 1114 2028 llaec
1130 1964 1266 2042 calvus⁴,

132 2049 181 2110 eui
207 2071 254 2110 res
277 2055 310 2112 et
332 2071 404 2129 spes
427 2048 529 2130 perlit..
578 2049 626 2112 Ab
651 2050 711 2112 hac
734 2051 832 2130 igitur
862 2073 938 2113 cura
960 2056 991 2113 te
1015 2050 1153 2114 absolve.
1201 2050 1266 2114 Sed

130 2134 170 2196 ad
197 2135 328 2197 alteram
358 2134 375 2195 i.
401 2160 425 2194 e.
451 2133 643 2212 Lotianam,⁸
675 2157 757 2215 quae
787 2135 864 2198 mihi
899 2135 1108 2199 sollicitudini
1139 2142 1199 2208 est,
1228 2143 1268 2200 ut

130 2220 308 2282 cautionem
333 2219 495 2295 adhibeas
519 2220 614 2283 etiam
639 2225 736 2301 atque
758 2221 854 2284 etiam
871 2243 935 2284 oro.
983 2221 1068 2297 Vale,
1087 2221 1264 2285 amicorum

130 2306 373 2387 sapientissime.
420 2304 520 2367 Nonis
544 2304 730 2369 Sextilibus.

287 2404 348 2459 Cui.
368 2404 434 2457 iret.
452 2404 510 2458 206.

130 2594 245 2663 (Gotho.)
663 2577 733 2639 171.
1041 2595 1080 2647 10.
1100 2595 1167 2661 Aug.
1189 2595 1266 2648 1512.

469 2703 611 2773 lintion
634 2723 683 2772 an
705 2702 933 2772 Musardus.⁸

131 2833 219 2898 (oxu
243 2833 293 2884 nm
312 2834 371 2894 nar,
400 2833 442 2884 ne
460 2832 568 2884 ror-rire
590 2832 636 2882 <er
650 2831 784 2910 profanes
804 2832 862 2884 uno
881 2793 1052 2910 erroreum
1076 2831 1269 2896 &oensem

163 2919 199 2955 zu
218 2901 363 2965 cerbindrn,
383 2902 439 2953 und
455 2901 505 2953 lobi
522 2900 565 2952 dic
582 2899 695 2952 Arrsrcbi
708 2900 752 2953 des
770 2900 916 2952 Airusordus
935 2900 998 2953 tiber
1010 2901 1053 2952 dte
1072 2899 1250 2967 Miissiylreit.)

131 3017 349 3067 monasteriali
371 3016 521 3076 magistro
539 3014 581 3065 Η.
598 3013 749 3064 Musei-do
772 3013 973 3074 politioribus
996 3013 1097 3064 literis
1120 3014 1268 3073 praedito

576 3112 632 3149 suo
650 3098 694 3149 M.
711 3097 824 3149 Rome.

235 3211 266 3276 S.
312 3209 380 3275 Nae
410 3216 446 3274 tu
476 3208 639 3273 officiosus
666 3208 762 3272 homo
785 3231 828 3272 es.
874 3207 944 3272 Non
980 3208 1098 3289 pateris
1128 3210 1271 3274 rusticos

133 3318 220 3360 meos
243 3296 343 3360 redire
366 3295 434 3359 sine
458 3296 604 3377 aucupio.
652 3294 739 3357 Petis
754 3296 861 3369 etiarn,
885 3299 921 3357 ut
944 3291 1072 3357 indultu
1090 3314 1160 3358 meo
1178 3294 1241 3359 tihi
1255 3307 1271 3336 ⁸

134 3383 228 3446 liceat
251 3384 282 3445 in
307 3382 392 3462 agris
420 3380 617 3444 ethnicorum
647 3379 770 3443 diutius
801 3379 918 3443 versari
946 3400 1102 3460 suspensa
1129 3379 1270 3444 lectione

133 3490 232 3531 sacra.
281 3467 453 3530 Arbitraris
484 3465 567 3529 enim
596 3470 633 3528 ut
656 3465 814 3528 neminem
845 3467 957 3528 ornate
983 3465 1071 3544 loqui
1098 3485 1204 3547 posse,
1236 3467 1270 3529 ni

135 3555 190 3635 qui
219 3552 318 3616 latine
348 3552 438 3629 sciat,
473 3553 518 3615 ita
546 3551 700 3614 infantem
730 3556 828 3632 atque
856 3549 1013 3614 insulsum
1043 3550 1075 3614 in
1104 3548 1272 3632 theologia

135 3641 287 3714 loturum,
321 3639 381 3700 nisi
413 3638 467 3719 qui
491 3637 599 3699 literas
629 3658 709 3719 quas
737 3635 916 3699 saeculares
941 3641 1058 3699 vocant
1079 3642 1269 3717 praegusta-

137 3726 224 3787 verit.
272 3724 339 3804 Ego
362 3725 422 3786 etsi
446 3744 510 3788 non
533 3721 673 3803 refragor
696 3720 770 3784 huic
793 3721 946 3804 opinioni,
977 3724 1083 3783 tamen
1109 3720 1189 3785 illud
1211 3723 1270 3785 ad·

135 3809 272 3872 dendum
302 3809 461 3881 existimo,
495 3807 707 3888 copulandum
741 3811 913 3887 utrumque
949 3805 1126 3871 studiorum
1155 3827 1269 3888 genus,

136 3919 185 3969 ue,
210 3895 282 3958 dum
308 3893 442 3957 alterurn
467 3893 552 3956 latus
574 3897 732 3975 protegas
766 3892 937 3955 vulnereris
961 3892 993 3953 in
1017 3891 1126 3954 aliero
1172 3890 1271 3955 Navi·

137 3981 229 4062 gabis
248 3980 344 4060 igitur
361 3980 392 4041 in
410 4002 484 4042 arca
500 3978 587 4040 Noae
601 3982 625 4055 ¹¹,
650 4000 688 4040 ne
713 3985 743 4039 te
767 3978 892 4058 profani
915 3976 1026 4040 diluvii
1049 3984 1269 4041 transversum

135 4071 245 4129 aestus
273 4065 392 4145 rapiat,
421 4072 453 4127 et
480 4063 710 4127 dialecticum⁰
741 4063 956 4144 Augustinum
988 4083 1057 4124 cum
1093 4065 1271 4143 interprete

137 4153 328 4232 Hieronymo
352 4152 492 4213 romanis
515 4149 726 4230 scriptoribus
749 4149 880 4211 associa.
927 4149 976 4210 lta
991 4147 1056 4225 fiet,
1082 4152 1116 4210 ut
1140 4148 1268 4230 elegan-

203 4335 217 4361 a
231 4319 279 4371 tibi
296 4320 359 4385 selrlt
377 4318 418 4371 bei
440 4318 512 4370 Terre.
567 4317 659 4370 bNoc.
731 4316 909 4369 cdialectum.
1299 4356 1302 4361 .

206 4387 258 4440 ¹8.
279 4405 332 4442 vor.
348 4387 391 4439 Βι·Ι
462 4386 612 4440 'Nemlich
636 4401 737 4438 aureos,
809 4386 861 4438 ³8.
880 4387 897 4437 4
916 4387 945 4438 A.
967 4387 988 4438 l.
1014 4384 1263 4450 Ersolltc,a1ser

136 4457 251 4510 Mutians
276 4457 369 4508 Dionst
394 4455 510 4521 verliess,
537 4454 585 4507 mit
603 4454 675 4507 einer
698 4453 852 4521 gelstlichen
877 4455 992 4507 Piri'mde
1010 4459 1130 4522 versorgt
1151 4453 1265 4517 werden,

132 4541 258 4646 mugi}
268 4525 363 4647 jedoph
386 4540 476 4647 rv'eprssrr
496 4525 549 4646 {led
564 4523 656 4645 {ande
677 4522 724 4575 des
742 4521 831 4576 Morus
854 4523 929 4576 nicht
950 4523 1021 4577 irem
1092 4525 1102 4554 ⁴
1120 4521 1263 4576 raabam

135 4595 212 4649 ⁶ss
241 4600 247 4616 ⁴
276 4598 307 4647 ri.
345 4634 351 4646 .
471 4636 476 4648 .
591 4631 596 4644 .
634 4633 639 4646 .
