2774 4966
553 620 712 706 lintion—an
730 619 831 675 Urbun.
1197 621 1261 687 229

141 829 259 899 (aaut)
662 815 733 879 179.
1079 830 1157 898 (Aug.
1178 830 1267 899 1512.)

511 921 657 991 Mutian
678 943 727 992 an
750 922 890 993 Urban.

132 1050 239 1114 (meris
263 1047 340 1101 suclrt
367 1048 450 1101 durch
477 1047 640 1117 Beslcrlrunp
663 1068 698 1103 aar
722 1051 817 1118 aieyerr.
854 1049 964 1103 Mation
988 1050 1034 1101 hol
1058 1067 1084 1101 es
1108 1050 1270 1103 rersclmu'ilrt

137 1117 281 1172 Geaclrenda
297 1115 345 1182 fiir
362 1117 406 1168 die
423 1116 520 1169 Kirclre
546 1135 583 1170 ιιι.
601 1120 774 1187 rerrpreclwn,
799 1119 888 1171 ιιιινιίι
909 1119 948 1170 sie
973 1118 1060 1170 uber(
1049 1118 1155 1185 repom
1178 1118 1268 1172 leuben.

141 1187 232 1240 Urbun
252 1185 304 1238 soll
318 1183 394 1237 nicht
413 1190 574 1242 madriaco
592 1187 816 1254 einenAussrbub
827 1188 870 1239 des
886 1187 1024 1239 Processes
1041 1186 1268 1242 durrdxusetaenl

217 1299 319 1350 Docto
340 1301 372 1349 et
389 1298 537 1360 prudenti
559 1301 709 1362 magistro
727 1301 768 1351 H.
786 1301 916 1350 Urbano
942 1312 1118 1358 oeconomo,
1144 1300 1215 1350 flori

512 1385 682 1436 amicorum
700 1387 743 1436 M.
762 1385 873 1436 Rimas.

235 1492 268 1558 S.
305 1493 423 1576 Magno
446 1495 529 1559 malo
546 1499 578 1560 et
594 1496 739 1560 dedecori
756 1500 806 1560 est
820 1496 1004 1561 hominibus
1019 1495 1166 1572 avaritia,
1190 1495 1266 1577 quia

130 1580 257 1660 magnis
280 1583 313 1643 et
335 1579 445 1644 multis
475 1581 685 1645 incommodis
716 1582 825 1645 afficit.
872 1582 938 1663 Ego
962 1581 1022 1644 etsi
1053 1602 1115 1643 non
1139 1603 1265 1658 avarus,

131 1665 269 1746 cupidus
296 1669 404 1728 tamen
434 1666 519 1730 illius
551 1669 635 1748 quod
659 1669 931 1750 promissum¹est,
963 1668 1008 1729 sic
1032 1667 1206 1741 conflictor,
1231 1673 1267 1730 ut

133 1756 271 1814 natiuae
294 1750 453 1814 festivitas
476 1752 508 1813 in
526 1753 703 1816 socordiam
728 1758 878 1816 vertatur.
927 1751 1055 1816 Utinam
1072 1757 1129 1815 aut
1144 1752 1263 1834 preces'

124 1857 194 1900 non
217 1839 326 1899 essent
357 1840 415 1900 aut
436 1836 549 1901 Lotius
582 1859 646 1901 non
677 1838 852 1920 impediret.
899 1836 962 1900 Sed
995 1858 1102 1918 preces
1134 1842 1265 1900 suntet

127 1920 244 1984 lautius
271 1921 414 1984 retardat
437 1927 470 1985 et
491 1922 596 1987 aufert
623 1927 664 1998 et,
692 1924 776 2005 quod
805 1923 885 1986 male
914 1944 963 1984 me
992 1926 1129 2002 torquet,
1165 1922 1265 1986 idiota

125 2028 163 2070 se
187 2005 291 2070 doctis
315 2006 450 2087 praefert
473 2012 647 2072 etcertum
676 2010 738 2073 sibi
761 2009 799 2072 de
822 2008 915 2072 nobis
941 2007 1137 2089 triumphum
1170 2006 1263 2087 polli-

126 2095 228 2156 cetur.
282 2091 415 2168 Quaeris
446 2114 582 2157 causam.
633 2094 738 2158 Habet
773 2115 883 2157 aarum
921 2097 953 2156 et
982 2093 1086 2174 jactat
1120 2091 1258 2156 divitias.

126 2177 272 2242 Possunt
296 2178 349 2260 (ne
373 2178 520 2260 mentiar)
544 2181 733 2261 persuadere
755 2201 841 2262 opeS,
865 2180 989 2242 flectere
1005 2178 1129 2241 animos
1147 2176 1258 2258 plebis,

125 2262 277 2327 attollere
300 2264 464 2328 rusticum.
512 2263 574 2328 Sed
598 2266 704 2328 omnia
728 2287 791 2328 non
809 2270 952 2347 possunt.
992 2264 1091 2327 Nobis
1107 2264 1170 2327 alia
1186 2270 1263 2326 sunt

125 2349 355 2425 instrumenta,
378 2349 496 2432 quibus
519 2372 576 2432 par
599 2373 761 2432 nunquam
775 2350 897 2432 judicio
921 2350 1074 2412 bonorum
1101 2350 1169 2430 ipsa
1185 2371 1265 2430 opu·

126 2434 239 2498 lentie.
286 2433 368 2498 Dum
392 2436 485 2499 altari
509 2442 629 2499 vestem
653 2443 684 2499 et
700 2437 806 2500 dotem
831 2436 999 2517 promittit,
1026 2457 1086 2497 nou
1111 2434 1265 2516 intelligit

128 2543 164 2584 se
188 2520 237 2583 uti
260 2519 379 2602 magist
380 2542 415 2585 ro
365 2520 560 2585 tSimone
584 2520 703 2604 Mago.²
749 2523 827 2586 Nam
846 2522 873 2584 si
890 2522 964 2584 dare
980 2521 1088 2583 liceret
1074 2521 1264 2602 t,pr0lecto

128 2605 374 2687 Norbergenses
405 2607 513 2671 omnia
540 2606 586 2670 alt
573 2608 654 2670 teria
686 2609 839 2671 vestirent
869 2628 1009 2704 purpura
1040 2611 1072 2669 et
1095 2605 1198 2687 bysso
1230 2609 1265 2670 ut

127 2691 194 2775 ipsi
218 2690 427 2773 possiderent.
474 2691 544 2757 Non
575 2696 623 2756 est
609 2693 700 2756 tilla
730 2698 816 2756 rocta
846 2694 906 2756 via.
952 2692 1015 2755 Dat
1001 2698 1092 2755 turus
1124 2699 1265 2755 cremet

124 2778 198 2860 ipse
221 2775 436 2859 pulcherrima
455 2784 655 2855 ornamenta,
679 2800 794 2842 munus
818 2778 1000 2860 principale,
1025 2777 1141 2858 quod
1134 2798 1166 2840 in
1189 2799 1265 2839 arca

123 2883 305 2939 servamus,
328 2863 484 2926 et‘orsan
508 2863 716 2945 pluraquam
741 2864 862 2927 botius
909 2862 972 2927 Sed
997 2862 1147 2944 idpalam
1173 2861 1265 2943 polli-

125 2948 193 3012 ceri
218 2947 307 3011 nefas
331 2970 400 3012 esse
423 2949 510 3012 duxi.
544 2947 601 3024 Tu,
626 2971 667 3012 mi
661 2949 821 3025 Urbane,
840 2970 902 3012 non
921 2948 1092 3030 negligas
1108 2953 1264 3011 arrestum

124 3034 253 3116 forique
286 3054 452 3097 remoram.
498 3033 682 3098 Contemnit
711 3056 769 3098 nos
801 3056 910 3099 omnes
941 3040 973 3097 et
996 3033 1139 3114 adjutore
1174 3031 1263 3096 Moro
1309 3061 1311 3064 ⁴

124 3119 268 3183 carbone
293 3124 396 3183 notat.
444 3119 532 3183 Hanc
549 3141 607 3201 ego
632 3120 856 3183 contumeliam
874 3120 968 3183 remis
985 3120 1124 3200 velisque
1143 3118 1260 3199 ingiam
1319 3112 1326 3125 “

123 3210 158 3268 et
183 3226 336 3285 quaeram
360 3205 490 3268 auxilia.
536 3204 694 3269 Scribitur
721 3205 821 3287 judici
846 3212 877 3268 ct
900 3207 1097 3287 procuratori
1130 3201 1263 3278 nostro,³

124 3296 163 3354 ut
190 3291 510 3371 procrastinationem
543 3313 597 3373 per
619 3292 729 3354 arrcsli
755 3292 925 3354 remedium
958 3291 1168 3353 obtineamus.
1215 3289 1265 3350 ln-

125 3381 217 3439 terea
239 3375 393 3458 temporis
416 3376 542 3439 trudam
566 3375 677 3440 Cotili·
694 3376 849 3439 fallaciam
875 3376 985 3439 multis
1000 3375 1143 3438 fallaciis.
1183 3374 1264 3437 Ante

124 3461 237 3524 omnia
261 3461 353 3524 deum
382 3481 447 3538 oro,
478 3467 514 3524 ut
538 3461 650 3524 honori
681 3483 749 3523 meo
779 3484 843 3524 non
873 3462 963 3524 desit.
1011 3460 1045 3524 Si
1069 3461 1159 3524 abuti
1193 3460 1264 3523 volo

126 3545 294 3620 beneficio,
312 3546 339 3609 si
357 3567 520 3628 perperam
536 3551 661 3609 sumtus
678 3547 795 3609 lacere:
814 3568 876 3610 non
894 3547 1057 3609 concedat.
1082 3546 1138 3608 Sin
1155 3549 1261 3608 autem

127 3631 325 3714 pauperibus
349 3631 573 3712 elemosynam,
599 3633 779 3714 hospitibus
803 3632 946 3695 honestis
970 3631 1142 3713 hospitalia
1167 3631 1262 3706 dona,

125 3717 250 3780 sanctis
273 3716 390 3781 studiis
413 3716 555 3779 subsidia
579 3718 652 3781 dare
670 3718 757 3781 volo:
782 3717 825 3780 sit
841 3719 941 3780 victor
958 3717 1130 3791 Martianus,
1150 3717 1263 3797 pentat

127 3802 233 3866 oleum
258 3809 291 3866 et
306 3803 481 3884 impensam
504 3802 624 3866 liutius
672 3803 776 3866 Unum
793 3802 870 3865 illud
887 3825 958 3865 vere
975 3804 1136 3877 confiteor,
1155 3802 1263 3864 deesse

127 3911 164 3952 ac
186 3887 328 3951 defuisse
352 3886 429 3951 mihi
453 3910 517 3950 rem
540 3893 608 3951 tum
632 3890 773 3952 advitae
797 3889 995 3969 splendorem
1020 3887 1261 3969 amplissimum,

128 3981 194 4037 tum
219 3973 259 4036 ad
284 3973 426 4037 studium
450 3974 579 4054 gloriae.
626 3975 736 4056 Neque
760 3976 841 4037 onim
875 3974 1038 4056 ingenium
1072 3979 1185 4035 natura
1209 3995 1262 4034 ne·

130 4059 219 4138 gavit
242 4079 346 4140 neque
368 4059 482 4140 genius
505 4060 664 4142 egregiam
688 4059 835 4123 voluntat
786 4063 895 4122 tatem.
943 4059 1016 4122 Vale
1020 4080 1192 4139 ‚gemma
1184 4059 1262 4120 arni-

131 4165 249 4220 rorum,
274 4148 307 4208 et
329 4144 449 4207 amicos
472 4165 656 4209 communes
679 4167 751 4208 ama
773 4148 870 4225 atque
886 4146 1000 4208 saluta.
1046 4143 1110 4206 Nos
1134 4143 1186 4206 hic
1202 4142 1263 4206 La-

135 4193 305 4312 byriutlrus
328 4229 480 4312 implicat.

284 4329 347 4383 eod.
365 4329 433 4383 Frcl.
452 4329 511 4384 220.

179 4480 276 4588 Ἰξιξ
287 4433 474 4587 iitslriiidtion
499 4552 532 4587 zu
551 4536 597 4587 der
620 4535 659 4602 M>
659 4535 838 4589 saonerscbon
861 4533 985 4594 Pliiindc,
1014 4532 1055 4585 dic
1078 4531 1178 4583 liutran
1203 4529 1261 4583 sicli

73 4652 76 4657 .
132 4599 208 4657 lumb
227 4601 323 4656 Inuus
346 4601 484 4655 bestritten
501 4603 558 4656 sah.
629 4604 821 4672 ’Anepielung
839 4603 886 4655 auf
874 4573 992 4655 lSimori
1012 4599 1141 4652 Voltzko?
1160 4598 1185 4653 S.
1205 4613 1260 4652 inor

73 4666 76 4707 ἵ
133 4664 1265 4726 1³1.’nnmschuoinnrrurtmsrront‘dinumerabis

73 4714 87 4845 l
