2774 4966
401 39 1303 285 m

633 108 641 129 ἱ

131 629 193 695 142
514 626 603 682 Briete
620 642 673 681 von
693 626 870 683 loos-roos.

133 797 322 866 amorem.“¹
368 797 502 861 Hortare
525 818 653 879 quaeso,
683 803 721 862 ut
742 818 873 863 rancore
906 799 1051 883 deposito
1078 820 1152 865 oum
1184 820 1263 867 aene

132 888 240 951 redeat
269 886 302 948 in
334 884 479 964 gratiam.
528 882 754 964 „Irascimini“‚
787 885 894 965 inquit
927 884 1039 960 Dauid,
1074 890 1126 968 „et
1159 885 1262 951 nolito

132 970 289 1055 peccare.“
345 969 380 1032 Id
404 970 507 1050 ipsum
542 967 715 1050 Apostolus
749 969 873 1051 plenius
905 970 1148 1052 interpretatur:
1185 969 1261 1053 „Sol

130 1081 192 1122 non
225 1056 351 1119 occidat
384 1076 478 1135 super
510 1054 705 1117 iracundiam
742 1055 909 1118 vestram.“
967 1056 1048 1132 Quid
1082 1056 1185 1120 dicam
1221 1055 1261 1121 do

129 1143 306 1224 Spalatiuo
338 1143 368 1202 iu
393 1139 483 1220 cujus
513 1139 591 1201 iram
623 1161 685 1207 non
718 1141 813 1202 unius
843 1142 897 1204 sed
932 1142 1101 1205 multorum
1137 1142 1259 1206 dierum

129 1229 175 1293 sol
208 1228 300 1290 testis
334 1222 506 1287 occubuit?
558 1222 706 1287 Salvator
736 1225 880 1305 loquitur
912 1227 943 1288 in
979 1226 1167 1307 Evangelio:
1206 1224 1260 1307 „Si

129 1314 222 1378 offers
257 1332 372 1374 munus
405 1316 495 1372 tuum
529 1308 568 1371 ad
603 1309 703 1372 altare
741 1310 849 1390 ibique
886 1317 1113 1375 rememoratus
1150 1312 1259 1388 fueris,

129 1399 206 1482 quia
238 1397 335 1459 frater
370 1401 444 1457 tuus
479 1394 577 1457 lrabet
609 1394 729 1477 aliquid
764 1395 929 1459 adversum
964 1402 1006 1472 te,
1039 1397 1183 1478 relinque
1215 1397 1259 1461 ibi

128 1506 245 1549 munus
267 1486 358 1545 tuum
383 1486 457 1542 ante
481 1480 579 1542 altere
602 1484 635 1542 et
656 1482 736 1543 vade
759 1481 956 1544 reconciliari
980 1482 1068 1563 prius
1090 1483 1178 1545 fratri
1203 1487 1260 1545 tuo

129 1574 162 1634 et
184 1570 229 1632 sic
257 1566 369 1630 offeres
398 1586 514 1627 munus
545 1570 636 1627 tuum
666 1567 705 1628 ad
737 1565 865 1629 altare.“
912 1566 1077 1642 Quomodo
1107 1588 1183 1650 ergo
1213 1567 1261 1631 ira

129 1659 334 1739 permanente
354 1651 533 1713 sacrificat?
570 1649 639 1725 Quo
655 1651 762 1714 auimo
779 1651 857 1714 dicit
873 1651 905 1713 in
922 1653 1065 1715 oratione.
1081 1651 1258 1717 dominica:

132 1739 282 1823 „Dimitte
315 1736 407 1798 nobis
429 1736 539 1797 debita
563 1740 680 1811 nostra,
704 1737 788 1800 sicut
809 1742 842 1799 et
864 1757 922 1800 nos
945 1737 1138 1801 dimittimus
1168 1738 1259 1801 debi-

128 1825 253 1890 toribus
276 1820 436 1884 nostris“‘?
480 1821 567 1895 Quae
590 1842 662 1883 cum
685 1823 731 1884 ita
753 1822 829 1890 sint.
852 1821 1006 1904 fungatur
1023 1822 1139 1904 placidi
1155 1842 1270 1887 sacer·-

129 1911 214 1976 dotis
250 1908 355 1970 officio
393 1911 425 1968 et
462 1927 533 1968 oum
571 1906 721 1969 omnibus
765 1906 949 1971 bominibus
994 1928 1103 1989 paoem
1141 1906 1262 1983 babeat

128 1997 283 2076 cedetque
310 1992 377 2054 seni
407 2012 540 2054 moroso.
585 1991 684 2073 quue
706 1992 803 2055 faciat
824 2014 862 2055 eo
883 1992 1048 2068 libentius,
1078 1994 1164 2073 quod
1196 2014 1260 2057 non

128 2083 181 2145 diu
207 2099 375 2142 mansurus
398 2078 441 2138 sit
462 2098 559 2139 senex
581 2078 614 2139 in
638 2077 848 2140 contubernio
873 2077 1047 2160 principali.
1092 2076 1175 2141 Nam
1199 2078 1261 2143 bau

129 2167 206 2230 hora
228 2165 259 2237 id
283 2169 332 2224 est
354 2163 448 2224 tertia
472 2161 566 2240 bajus
589 2162 669 2224 lucis
692 2162 870 2226 dominicae
900 2162 1025 2226 locutus
1056 2184 1126 2226 sum
1157 2162 1259 2227 multa

127 2273 198 2317 oum
223 2249 335 2312 intimo
359 2246 509 2310 Friderici
526 2247 729 2323 cubiculario,
746 2249 800 2330 qui
816 2249 863 2311 uit
878 2270 983 2311 senem
1001 2270 1070 2311 esse
1085 2269 1258 2313 morosum.

128 2337 210 2414 Quid
246 2333 387 2409 amicius,
423 2333 499 2412 quid
533 2333 675 2414 optatius
708 2331 874 2415 Spaletino
908 2333 1093 2415 contingere
1126 2332 1260 2415 potest?

127 2423 222 2488 Modo
252 2422 373 2494 caveat,
404 2439 443 2480 ne
466 2418 503 2480 de
527 2440 560 2480 se
588 2438 715 2498 qnoque
747 2417 880 2482 dicatur.
929 2418 1053 2482 Urbane
1085 2420 1260 2501 carissima,

128 2510 156 2573 si
178 2506 248 2571 vult
270 2503 464 2586 Spoletinus,
489 2503 606 2584 poterit
628 2504 688 2566 sibi
706 2508 738 2566 et
754 2504 847 2567 uobis
871 2505 1027 2585 prodesse.
1066 2503 1116 2567 lta
1131 2510 1260 2569 amatur

127 2618 147 2659 a
180 2593 253 2657 divo
288 2587 475 2651 Friederico.
530 2587 678 2652 Narravit
715 2589 792 2650 milri
829 2588 1044 2652 cubicularius
1082 2588 1258 2672 prinoipem

128 2699 234 2743 secum
258 2675 339 2738 ferre
362 2695 408 2749 ea,
432 2695 514 2753 quae
537 2671 723 2756 Spalatinus
746 2675 777 2736 in
802 2673 1009 2738 Teutonicum
1033 2672 1174 2756 linguam
1196 2675 1259 2739 sibi

129 2763 348 2837 convertisset,
376 2764 409 2820 et
435 2758 590 2822 advocato
621 2781 718 2842 puero
748 2759 844 2840 jussit
875 2759 936 2822 sibi
968 2759 1081 2835 afferri,
1112 2764 1149 2822 ut
1179 2759 1260 2823 mibi

128 2849 318 2915 ostenderet.
365 2843 426 2906 Sed
463 2865 532 2906 cum
568 2844 754 2926 Stupitiusl,
785 2845 840 2925 qui
863 2845 917 2907 diu
941 2845 1057 2908 absens
1080 2844 1151 2922 luit,
1179 2850 1260 2908 tunc

128 2936 209 3000 forte
232 2931 324 2995 nobis
347 2930 627 3011 appropinquaret,
650 2930 798 3012 respondi
821 2931 900 2993 satis
922 2929 1043 2993 dictum
1065 2951 1144 3006 essa
1176 2931 1259 2994 clam

127 3021 296 3086 insinuans
326 3015 435 3096 lupum
459 3035 527 3076 esse
550 3016 581 3077 in
606 3015 723 3078 fabula.
769 3014 873 3090 Quare
902 3016 1023 3090 scribas
1047 3015 1086 3078 ad
1109 3015 1259 3092 amicum.

128 3111 166 3170 ut
188 3105 272 3168 bono
295 3102 338 3163 sit
360 3101 466 3162 auimo
490 3104 522 3162 et
544 3100 668 3163 auferet
690 3122 815 3163 omnam
839 3103 1037 3164 occasionem
1058 3100 1259 3175 detrahendi,

129 3193 190 3256 hoo
211 3195 270 3265 est,
293 3186 336 3249 sit
360 3185 527 3257 humanus,
544 3185 691 3262 affabilis
708 3186 843 3248 sobrius.
882 3185 992 3267 Neque
1008 3184 1147 3267 proferat
1163 3185 1258 3250 illud:

128 3275 248 3341 sufficit
271 3271 347 3335 milri
371 3271 568 3333 conscientia
590 3293 669 3347 mea,
700 3271 792 3333 testis
816 3293 904 3334 meus
927 3272 959 3334 in
984 3271 1071 3334 coelo
1101 3276 1160 3347 est,
1194 3292 1257 3334 uon

127 3382 214 3435 euro,
244 3355 381 3439 quidde
404 3377 453 3418 me
476 3354 648 3436 loquantur
678 3357 832 3420 homines.
878 3355 958 3419 Nam
982 3355 1155 3438 Apostolus
1186 3377 1259 3438 pro·

131 3447 261 3512 videbat
285 3442 367 3505 bona
390 3461 452 3504 nou
478 3441 578 3504 solnm
603 3463 706 3505 coram
731 3442 800 3517 deo,
823 3442 878 3505 sed
901 3442 996 3504 etiam
1020 3462 1125 3505 eoram
1155 3442 1258 3505 bomi-

128 3534 233 3597 uibus.
280 3528 348 3589 Et·
370 3528 445 3607 quia
467 3526 534 3588 fieri
559 3548 621 3590 non
647 3533 761 3610 potest,
786 3533 822 3589 ut
844 3527 914 3589 sine
936 3526 1151 3590 mersionibus
1174 3526 1258 3590 bauo

128 3619 226 3682 vitam
259 3614 411 3692 degamus
437 3614 470 3673 et
499 3612 590 3675 malis
620 3613 819 3695 displicuisse
852 3611 921 3674 laus
954 3612 1006 3687 sit,
1039 3611 1120 3675 ferat
1154 3632 1258 3692 aequo

128 3704 235 3768 auimo
258 3696 477 3762 cavillationes
504 3698 609 3760 minus
632 3699 712 3761 bene
735 3698 783 3760 vel
806 3698 844 3760 de
866 3697 1002 3760 literatis
1025 3696 1073 3760 vel
1097 3697 1136 3760 do
1157 3698 1258 3761 sacris

128 3785 345 3857 sentientium,
380 3786 551 3845 contentus
573 3782 680 3846 favore
703 3790 735 3846 et
757 3783 860 3863 gratia
895 3783 1082 3864 principum,
1113 3783 1169 3863 qui
1194 3803 1257 3847 non

128 3876 235 3939 sinent
256 3869 505 3952 paedagogumb
528 3868 715 3932 fidissimum
740 3869 918 3931 invidorum
939 3869 1042 3930 ventis
1058 3873 1091 3930 et
1105 3867 1259 3931 fluctibus

125 3957 249 4044 jactari.
277 3953 369 4016 *Vale
391 3959 423 4014 et
447 3953 524 4015 vive.

283 4052 345 4106 eod.
364 4051 430 4104 mer.
450 4053 490 4104 93.

196 4192 210 4220 ι
225 4180 260 4229 At
279 4174 352 4226 Pena
423 4172 589 4240 bpedm-qum.

199 4248 207 4278 ¹
226 4243 332 4298 Catonis
354 4241 476 4294 Disticha
497 4241 587 4293 moral.
607 4241 627 4305 1,
646 4241 689 4292 36.
760 4239 891 4293 'dobann
915 4255 966 4292 vou
988 4237 1116 4306 saepia,
1143 4236 1258 4292 Ordous·

136 4314 233 4369 renem
260 4314 307 4365 dor
331 4311 497 4378 Angustiner.
525 4310 572 4361 dor
595 4310 641 4361 dus
665 4309 924 4377 Augustinerkloster
950 4308 976 4359 iu
999 4307 1085 4358 (lotha
1107 4306 1258 4360 revidierto.

127 4336 216 4438 lusan
240 4381 339 4434 blutiau
358 4382 430 4446 sagn
444 4380 504 4431 dass
522 4377 643 4445 erlongo
661 4377 801 4429 abuesend
819 4392 947 4444 genesen.
965 4391 994 4428 so
1009 4375 1114 4427 bezioht
1125 4374 1184 4427 sich
1202 4375 1260 4429 dies

129 4454 176 4507 aul
184 4452 234 4503 den
245 4447 400 4502 Autentbult
411 4446 578 4514 Staupitzeus
596 4445 622 4497 in
633 4445 727 4498 Italion
743 4445 918 4498 loeo-1509.
944 4443 1058 4507 Kolde,
1077 4442 1120 4495 die
1130 4443 1259 4497 deutsche

129 4516 492 4587 Augustiner-Congreganon
510 4515 564 4567 und
582 4513 685 4566 Johaun
705 4529 756 4567 von
774 4512 900 4580 Staupitz.
929 4512 1015 4564 (iotha
1033 4510 1106 4564 1879.
1125 4510 1151 4564 S.
1171 4510 1221 4565 ‘231
1240 4511 1258 4565 l.

129 4590 171 4641 Da
187 4586 306 4654 Staupitz
331 4600 373 4637 am
398 4587 422 4637 ὅ.
441 4583 495 4636 Mai
516 4582 582 4636 1509
605 4581 671 4634 Rom
696 4581 813 4647 vertisse,
836 4597 865 4634 so
882 4580 951 4633 kann
976 4579 1067 4647 obiger
1088 4577 1163 4631 Buel
1183 4579 1260 4633 nicht

200 4654 246 4707 len
263 4654 326 4708 Juni
344 4652 430 4706 diosas
446 4651 542 4706 Jabrea
558 4649 646 4705 tollen.
