2776 5084
139 702 202 769 452
562 701 649 759 Briele
668 701 714 759 des
733 702 758 760 J.
779 704 852 762 1514.

368 877 535 938 Inculpato
553 879 637 937 patri
654 878 696 928 Η.
714 878 843 928 Urbano
862 875 917 945 (Μ.
934 876 1059 946 Rufus).

244 987 276 1050 S.
323 988 434 1070 Neque
457 989 583 1071 postulo
608 1011 709 1071 nequo
732 991 839 1071 exige,
866 991 953 1071 quod
981 989 1137 1055 Hallensi'
1165 991 1211 1053 sit
1232 989 1277 1053 in·

143 1073 354 1136 commodum.
400 1074 477 1137 Rern
503 1074 594 1136 vilem
620 1097 736 1156 magno
764 1098 866 1138 emere
897 1097 960 1138 non
992 1076 1132 1158 expedit,
1157 1080 1191 1138 et
1214 1076 1276 1156 pic·

139 1164 224 1222 tores
256 1181 314 1222 sua
346 1160 513 1223 simulacra
537 1161 651 1241 utqui
676 1162 813 1223 maxime
836 1182 908 1224 cara
932 1161 1062 1224 habent.
1109 1160 1145 1225 Si
1182 1160 1276 1242 igitur

142 1245 279 1308 amissus
303 1251 352 1309 est
374 1244 618 1326 Melanrpygus,²
642 1247 685 1308 sit
708 1247 843 1309 amissus
867 1268 937 1309 cnm
963 1268 1020 1310 suo
1043 1247 1135 1327 nigro
1154 1245 1273 1329 podica.

138 1329 206 1410 Ego
241 1336 354 1394 contra
388 1331 558 1412 injuriosos
582 1335 613 1392 et
636 1337 821 1411 arrogantes
856 1333 979 1394 vicinos
1014 1331 1164 1395 volebam
1201 1330 1274 1394 Har·

139 1415 240 1478 culem
265 1420 418 1492 statuere,
442 1420 477 1479 ut
500 1416 655 1478 admoniti
673 1416 704 1478 in
722 1415 955 1498 Melampygum
981 1439 1045 1480 non
1073 1412 1273 1480 inciderent³

139 1500 223 1582 Lege
246 1501 330 1582 apud
355 1499 689 1583 paroemiographum⁴
710 1501 785 1564 folio
804 1501 881 1563 118:
908 1501 974 1581 ,Ne
990 1503 1021 1565 in
1040 1501 1271 1584 Melampygum

138 1584 293 1648 incidas.“
352 1584 435 1648 Olim
469 1584 734 1648 Carteromaclius
768 1586 920 1650 beneficio
955 1587 1024 1651 Aldi
1063 1587 1193 1651 edocuit
1226 1607 1272 1650 me

138 1671 232 1734 istam
250 1669 390 1734 fabulam
404 1675 478 1734 ante
494 1669 749 1734 Plrilostratum.³
782 1670 943 1735 Notabilis
958 1677 1006 1735 est
1024 1677 1055 1735 et
1071 1673 1155 1736 scitu
1169 1673 1271 1752 digna.

449 1773 472 1835 Α
498 1779 636 1854 quatuor
658 1773 812 1836 lateribus
835 1774 972 1838 tabellae

362 1857 479 1939 Supra:
505 1859 670 1922 Herculem
694 1858 872 1923 Musarum⁶

359 1943 461 2006 lnlra:
487 1942 605 2007 lterum
630 1941 923 2025 Tranquillitatem²
949 1944 1050 2007 video.

361 2032 384 2090 Λ
412 2029 542 2092 dextra:
566 2029 668 2124 Frons
690 2030 840 2125 occipitio
863 2031 948 2111 prior

361 2113 388 2175 A
411 2115 554 2178 sinistra:
578 2117 703 2186 Λυτοῖς
725 2111 866 2196 αρέσκει.

213 2201 260 2263 Ad
281 2200 435 2281 judicium
459 2199 580 2263 Urbani
603 2201 704 2263 nostri
727 2200 775 2262 vel
800 2201 912 2263 edatur
935 2199 983 2262 vel
1008 2200 1186 2262 omittatur.

294 2299 356 2352 Cod.
375 2298 442 2353 Frcl.
462 2298 520 2353 286.

137 2484 254 2552 (oolla.)
665 2471 738 2534 384.
1078 2483 1168 2552 (June
1188 2481 1267 2550 1514).

519 2597 663 2667 Mutian
685 2617 733 2666 an
756 2596 895 2667 Urban.

137 2722 252 2785 (Heitcre
277 2723 469 2791 blelerbollung
488 2725 537 2777 mil
558 2724 680 2778 Osmund
697 2724 728 2776 in
749 2725 901 2792 Oegcnrcort
918 2723 962 2775 cles
982 2721 1111 2775 Herlcules
1134 2720 1199 2773 noer
1220 2718 1267 2770 das

136 2791 280 2844 Helu-sciren
301 2791 442 2856 Oenianda,
461 2793 510 2845 dos
528 2810 592 2845 zoin
612 2792 796 2860 llr⁷rnrnetste9e
813 2792 914 2844 heleseu
932 2792 989 2844 soll.
1032 2789 1124 2843 Urbon
1140 2788 1192 2841 soll
1204 2786 1267 2838 noct

199 2860 258 2912 (lem
272 2860 493 2927 pythagorebclren
511 2861 677 2914 Buclasloben
694 2861 736 2913 bei
758 2861 847 2928 Vergil
863 2861 920 2913 sind
936 2859 1048 2912 Persius
1064 2857 1206 2926 soractim.)

215 2973 357 3023 Romano
375 2972 522 3035 theologo
540 2974 650 3024 classis
667 2973 821 3024 Bernardi
838 2973 1034 3024 sanctissimo
1051 2971 1181 3021 Urbano

602 3061 658 3125 (H.
677 3057 800 3126 Rufus).

240 3167 272 3232 S.
319 3166 567 3233 confabulatore
601 3176 669 3234 turn
704 3170 884 3234 comissimo
919 3173 997 3245 tum,
1031 3171 1069 3230 ut
1101 3187 1173 3230 mea
1207 3163 1267 3228 fert

135 3253 255 3335 opinio,
279 3251 393 3335 probo’
417 3254 593 3319 delectatus
616 3278 687 3319 snm
711 3277 788 3318 sane
812 3255 1022 3318 vehementer.
1068 3251 1146 3315 Fuit
1160 3254 1266 3314 autam

136 3360 238 3402 sermo
274 3344 380 3402 noster
409 3361 470 3403 non
500 3345 646 3404 austerus
674 3345 705 3403 et
737 3341 833 3403 anxie
862 3341 1015 3403 curiosus.
1060 3336 1149 3400 Nihil
1183 3337 1265 3399 enim

135 3424 174 3487 ad
198 3445 257 3487 nos
279 3425 413 3489 istorum
441 3447 552 3501 mores,
587 3427 641 3508 qui
672 3427 812 3489 crastina
846 3428 967 3489 curant.
1014 3422 1157 3499 Quaeris,
1191 3418 1267 3502 quid

136 3509 230 3573 fuerit
253 3511 286 3573 in
309 3509 440 3574 fabnla‘?
486 3510 577 3574 Certe
601 3512 707 3575 nullus
732 3512 834 3592 lupus.
881 3510 1009 3573 Assedit
1032 3506 1215 3571 Hercules'⁰
1237 3510 1268 3570 at

135 3596 197 3658 tiro
233 3594 391 3659 Vulcanus
414 3602 445 3659 et
468 3596 608 3660 danus.'¹
656 3597 741 3660 Inter
775 3597 839 3658 alia
871 3597 909 3658 de
940 3593 1164 3658 mansiuncula
1195 3591 1265 3657 Osi·

137 3681 248 3744 mundi
271 3683 394 3761 egimus
419 3686 450 3743 et
473 3683 518 3744 sic
542 3682 697 3745 derebus
721 3684 847 3745 nostris.
895 3682 977 3744 Puto
1001 3679 1159 3756 laudabis,
1182 3677 1266 3759 quia,

136 3770 171 3828 ut
194 3766 355 3847 eleganter
378 3767 484 3847 inquit
507 3767 685 3830 cucullatus
709 3764 838 3841 i⁷ntes¹²

1028 3863 1212 3930 novarum-²

988 3868 1005 4032 l
1028 3949 1188 4015 suarum.“

191 3909 294 3991 „Cura
317 3912 392 3974 viris
414 3872 429 4034 ἶ
454 3869 606 4035 {talias
629 3870 644 4035 }
667 3933 769 3974 rerum
793 3911 876 3974 solet
898 3933 967 3973 esse

205 4089 262 4142 ¹0.
282 4087 410 4155 Osinund,
429 4088 540 4141 Offizial.
577 4089 612 4141 Er
631 4088 718 4141 wollin
745 4089 787 4140 oin
814 4087 1000 4141 Hor-lulosbilu
1018 4102 1051 4139 an
1069 4085 1104 4138 M.
1124 4083 1263 4139 sclrenken.

134 4158 159 4210 S.
170 4158 218 4209 431
231 4161 262 4209 A.
275 4158 298 4210 3.
309 4158 333 4209 4.
380 4160 389 4190 ²
407 4157 545 4217 HerkuloS,
559 4158 616 4209 hior
629 4159 676 4209 das
688 4157 820 4210 Gomiildo.
866 4158 877 4188 ³
894 4156 926 4208 ll.
946 4155 961 4209 i.
980 4155 1055 4207 nicht
1072 4155 1099 4205 iu
1118 4154 1161 4206 dio
1174 4151 1264 4204 Htuds

135 4227 209 4279 cinos
227 4225 349 4279 Stlirkcrn
367 4225 452 4278 lielen.
488 4226 620 4278 Erasmus‘
638 4226 763 4293 Adagicn.
834 4224 994 4276 *Erasmus
1066 4223 1125 4274 '’Iu
1138 4223 1185 4274 der
1198 4223 1264 4272 Aus-

133 4295 199 4362 gabo
224 4295 271 4346 des
294 4293 477 4356 Philostratus
502 4293 590 4346 chon
619 4295 665 4346 des
693 4293 846 4346 bellonius
865 4310 889 4347 r.
908 4292 1024 4359 Thyone.
1052 4291 1118 4344 Ven.
1140 4289 1264 4343 1501-4.

168 4361 318 4415 “Mutianl
354 4362 478 4415 llorsolbo
493 4363 630 4414 Ausdrucl·
649 4363 691 4414 fiir
710 4312 759 4414 ‹lbn
778 4361 888 4413 Dichter
905 4362 951 4412 dor
970 4361 1052 4411 Verso
1071 4360 1119 4411 aul
1136 4360 1187 4411 don
1205 4356 1263 4409 'lor-

134 4432 229 4485 minus.
266 4431 367 4484 [fallier.
391 4431 446 4483 Lib.
472 4447 529 4483 nor.
549 4432 570 4477 (1
590 4432 640 4482 iili.
677 4430 736 4498 l'gl.
760 4429 870 4482 81:387
891 4430 949 4480 ⁴lnl.
1021 4427 1165 4480 ⁷llulians
1192 4426 1264 4478 Hans

134 4499 160 4552 in
179 4499 271 4552 uerna
311 4499 368 4566 l'gl.
388 4499 454 4550 Einl.
526 4500 603 4551 ⁸llio
631 4499 776 4550 l'rnsolnilt
805 4497 880 4549 sollte
907 4514 951 4548 um
980 4498 1027 4549 das
1056 4496 1113 4548 ssilo
1137 4493 1263 4564 gedructt

135 4569 247 4634 iverdcn,
275 4585 351 4620 wonn
375 4585 404 4618 os
427 4567 516 4620 Urbnn
535 4584 564 4617 so
583 4566 681 4633 gottolo.
752 4568 811 4616 ⁹11.
836 4566 963 4626 (lsinnnd,
990 4566 1036 4617 dor·
1060 4565 1110 4616 don
1137 4559 1263 4617 llorkuloe

134 4637 315 4691 iiberbraclrto.
344 4636 369 4689 S.
388 4636 440 4688 432
459 4639 487 4687 Α.
511 4638 530 4688 1.
590 4639 608 4666 ¹⁰
626 4636 679 4687 llos
696 4635 765 4687 llild.
823 4637 840 4665 ¹¹
859 4634 907 4686 llio
927 4634 1019 4685 beiden
1039 4633 1143 4687 Ilionei.
1170 4632 1196 4686 S.
1214 4629 1263 4683 416

119 4707 189 4762 ΑΒ.
209 4706 301 4764 &407
311 4711 342 4766 Α.
355 4709 378 4764 l.
437 4708 456 4741 ¹³
475 4703 597 4776 Baptista
607 4701 942 4771 llantuannst'uunoliter.
971 4701 1058 4768 Eclog.
1072 4701 1107 4768 X,
1128 4702 1186 4755 154.
1207 4698 1261 4751 157.
