2774 4966
123 633 186 700 422
538 628 625 683 Briete
643 627 689 681 dea
706 626 732 683 J.
752 627 826 683 1514.

128 804 388 953 nonrtculpamus
421 802 526 869 farore
556 801 708 885 judicium
743 789 870 882 tegente
923 799 1007 863 Vale.
1052 797 1133 864 Ante
1166 798 1249 865 solis

128 913 186 956 exo
220 913 282 954 um.

280 990 341 1046 Cod.
359 989 425 1044 Fraf.
446 991 503 1045 164.

129 1161 247 1231 (Gotba.)
651 1143 722 1207 35l.
952 1160 1011 1223 (ror
1028 1157 1069 1210 24.
1087 1157 1141 1213 Mai
1159 1158 1249 1226 1514.)

501 1269 643 1339 Mation
666 1288 713 1339 an
735 1267 873 1339 Urban.

131 1400 236 1465 (Urbmr
254 1400 300 1452 lrot
316 1399 359 1455 die
380 1399 561 1453 Conmrentarc
577 1414 643 1450 auen>
658 1396 901 1465 Baptrbtcprlcaust.
937 1396 986 1449 Die
998 1396 1097 1464 Geyrrer
1106 1395 1249 1463 Spoletium

129 1469 245 1538 aanor
270 1468 327 1521 und
352 1467 492 1520 Antonius.
529 1464 584 1519 Das
613 1465 719 1519 neem
743 1466 786 1518 des
813 1464 946 1533 Syndrlars
963 1464 1088 1519 &aare
1109 1465 1166 1517 rmd
1187 1463 1250 1517 acin

513 1534 697 1587 msetlirhcr
714 1534 858 1602 Auaponp.)

492 1648 619 1699 Urbano
636 1661 692 1699 suo
710 1649 754 1699 Η.
771 1646 881 1698 Ratira.

232 1759 264 1824 S.
309 1759 458 1825 Exsultat
480 1761 605 1825 animus
631 1766 687 1824 tua
707 1762 739 1824 in
764 1762 881 1825 amicos
913 1758 1019 1823 officia
1052 1779 1248 1842 percurrens

129 1845 208 1910 Mihi
242 1847 483 1910 commentarios
506 1847 537 1909 in
560 1846 748 1928 Baptistam,
779 1846 833 1927 qni
864 1846 969 1910 nescio
992 1868 1031 1909 an
1056 1845 1128 1923 sibi,
1162 1847 1252 1909 certe

132 1932 235 1995 doctis
256 1932 381 1996 videtur
404 1937 564 2015 poetarum
589 1932 744 2015 princepe,
767 1933 808 1996 ab
831 1932 910 1995 Italo
926 1932 1074 1996 collectos
1090 1933 1122 1993 et
1136 1952 1250 1997 recens

130 2015 243 2081 editos'
269 2018 400 2082 indicas.
446 2014 583 2099 Petrejo²
606 2023 638 2080 et
660 2016 836 2100 Spoletino,
859 2040 947 2082 rarae
962 2018 1036 2082 fidei
1058 2020 1091 2079 et
1112 2016 1252 2080 admire-

131 2102 204 2168 bilis
248 2104 420 2168 industriae
460 2103 648 2186 juvenibus,
691 2125 754 2167 uno
792 2105 841 2168 die
879 2105 1009 2168 diversis
1051 2103 1252 2183 argumentis

4 2240 16 2263 ,
132 2188 281 2272 epistolas
315 2191 515 2266 transmittis,
549 2195 581 2252 et
613 2188 711 2253 nihilo
746 2191 857 2265 secius,
895 2211 975 2271 qnae
1009 2193 1134 2252 tuarum
1171 2191 1253 2252 sunt

134 2275 281 2357 partium,
305 2276 389 2339 dorni
410 2275 548 2356 forisque
571 2276 738 2358 sapienter,
761 2283 797 2339 ut
819 2277 900 2340 soles
922 2276 1038 2351 omnia,
1055 2272 1251 2355 exsequeris,

133 2365 227 2425 natus
258 2362 412 2433 videlicet,
435 2363 474 2425 ad
497 2362 612 2426 omnia.
657 2361 746 2438 Quod
774 2367 880 2425 antam
909 2361 1048 2425 haesitas
1070 2361 1102 2424 in
1125 2358 1252 2441 Regulo

133 2453 165 2510 et
188 2446 353 2518 Antonio,³
375 2449 453 2511 scire
475 2453 507 2511 te
528 2448 683 2524 volumus,
706 2469 760 2529 per
782 2448 935 2528 Regulum
959 2446 1095 2528 intelligi
1116 2451 1167 2506 bra
1185 2449 1253 2522 beru

134 2551 185 2593 roa
202 2533 360 2613 witberte,
376 2533 646 2614 Luneburgiornm
664 2535 842 2616 primarium
862 2533 1129 2609 contubernalem,
1145 2532 1253 2597 virum

135 2617 312 2683 modestum
335 2626 367 2682 et
389 2621 578 2683 auctoritate
601 2620 766 2701 insignem,
790 2622 883 2683 etiam
907 2620 1009 2699 gratia
1024 2617 1106 2700 apud
1124 2621 1254 2680 nostros

135 2701 335 2769 Maecenates
357 2706 439 2769 inter
460 2705 579 2769 aulicos
601 2706 681 2769 bene
703 2706 874 2769 florentem.
913 2704 1005 2769 Nosti
1020 2726 1121 2768 mores
1138 2701 1255 2785 Spala-

135 2789 204 2853 tini.
251 2790 284 2854 Si
307 2791 379 2872 quis
402 2811 465 2854 nno
489 2791 619 2854 dicterio
642 2791 746 2855 laedat
776 2792 843 2874 ejus
874 2791 990 2870 studia,
1023 2791 1107 2854 bunc
1140 2788 1253 2855 statim

134 2876 238 2957 ipsum
271 2877 464 2957 gravissimis
500 2877 603 2940 verbis
636 2883 764 2941 accusat
793 2882 825 2941 et
856 2900 944 2941 snam
978 2877 1070 2959 qnasi
1102 2874 1253 2956 injuriam

136 2960 288 3044 deplorat.
331 2962 401 3026 Non
418 2963 508 3027 obest
524 2962 664 3045 Regulus
680 2962 854 3046 Spalatino.
894 2964 937 3026 lle
956 2962 1104 3035 Antonio,
1119 2972 1133 3001 ⁸
1155 2982 1254 3042 quem

137 3070 208 3111 vere
229 3048 408 3130 conjectura
432 3048 661 3129 deprehendis*
684 3050 772 3131 pejus
794 3051 905 3114 sentio.
951 3048 1014 3113 Sed
1046 3048 1120 3131 quid
1145 3050 1256 3129 potest

138 3133 230 3197 homo
253 3156 310 3198 sna
331 3135 525 3199 conscientia
546 3136 784 3218 perditissimus,
813 3137 887 3217 qnia
917 3136 1095 3199 nocentium
1128 3138 1255 3199 mentes

138 3220 262 3284 occulto
285 3242 406 3304 semper
433 3221 587 3304 supplicio
616 3223 804 3297 cruciantur,
827 3222 865 3284 de
888 3220 1053 3302 Spalatino
1087 3218 1254 3299 cogitare?

136 3305 185 3368 lta
216 3310 294 3388 pnto
326 3329 402 3369 suus
434 3316 533 3369 terror
562 3306 651 3371 sunm
684 3307 785 3370 scelus
808 3313 911 3383 vexet,
933 3311 969 3370 at
992 3305 1082 3370 facile
1115 3305 1252 3368 aliorum

139 3390 290 3455 bonoram
325 3392 537 3456 obliviscatur.
582 3392 701 3456 Scribis
729 3393 766 3456 de
799 3391 977 3456 Bobezano⁵
1001 3416 1046 3469 ea,
1070 3414 1150 3475 quae
1174 3389 1255 3454 mibi

138 3476 235 3541 videri
266 3479 369 3542 solent
391 3498 463 3542 vero
487 3478 654 3542 simillima.
700 3479 769 3542 Non
793 3485 841 3542 est
863 3480 953 3554 ratio,
987 3500 1049 3541 non
1083 3476 1252 3540 consilium

138 3564 169 3627 in
205 3564 350 3646 imperita
386 3585 486 3627 rernm
524 3562 695 3647 plebecula.
751 3564 839 3628 Unde
878 3565 968 3628 Plato
1005 3563 1130 3627 dicebat
1163 3561 1255 3629 nullo

138 3649 231 3713 modo
258 3649 379 3732 justum
410 3651 572 3731 imperium
603 3650 650 3713 vel
678 3650 836 3713 civitatem
873 3649 1099 3732 appellandam,
1132 3649 1164 3711 in
1188 3668 1257 3731 qua

138 3735 298 3818 popularis
330 3735 521 3818 'improbitas
559 3758 681 3800 summa
717 3757 858 3818 quaeque
895 3735 1084 3818 reipublicae
1122 3755 1257 3798 munera

141 3826 277 3885 tractare
311 3827 500 3904 praesnrnat.
544 3822 654 3902 ltaque
676 3822 703 3884 si
725 3822 806 3885 banc
841 3822 961 3885 belnam
1000 3821 1168 3884 multorum
1200 3842 1257 3883 ca·

140 3904 256 3987 pitum⁶
288 3907 486 3970 Herebordus
516 3909 668 3988 seqnitur,
699 3908 836 3989 protecto
863 3909 901 3970 ad
933 3908 1053 3970 r'ninam
1078 3912 1110 3968 et
1133 3906 1257 3969 cladem

139 4076 318 4086 ———-
329 4078 340 4083 ..

206 4187 220 4216 ⁸
237 4173 326 4226 Glosse
344 4189 389 4224 cnr
408 4172 513 4224 Ilandc:
532 4172 641 4240 Hennig.

209 4241 309 4310 ¹Bapt.
337 4240 472 4294 Mantuani
500 4258 556 4308 opp.
582 4244 647 4308 poet.
673 4256 731 4293 cunr
751 4246 888 4293 comment.
915 4240 1071 4305 Mur-rhonis,
1097 4241 1201 4294 Brantii
1229 4254 1260 4298 st

140 4309 267 4363 Ascensii.
303 4310 361 4363 Par.
383 4312 454 4363 1513.
525 4310 588 4362 ²ln
606 4309 705 4362 Italion.
741 4309 798 4377 vgl.
826 4309 944 4362 1312348.
1014 4309 1157 4376 ’spalatin
1178 4310 1257 4367 hatte

140 4378 197 4432 aiclr
215 4378 242 4430 in
259 4378 358 4432 acinam
381 4378 467 4431 Brietc
489 4379 553 4431 tiber
571 4377 641 4431 diosc
664 4377 754 4429 beiden
772 4377 811 4430 als
829 4378 900 4430 aeine
930 4375 1112 4431 n'inersaeher
1138 4378 1255 4449 baklagt,

174 4449 185 4480 ⁴
201 4446 250 4500 Dio
277 4447 350 4500 Rand
368 4446 436 4502 losse
462 4447 564 4501 sclroint
590 4446 639 4498 mit
663 4445 767 4512 Hennig
785 4446 901 4514 (Goode),
918 4462 939 4498 a
960 4447 1025 4500 1509
1044 4447 1069 4499 in
1087 4446 1259 4521 ll'ittenberg

139 4514 241 4580 Probet,
267 4516 314 4569 das
339 4514 352 4567 1
378 4515 438 4569 ohta
456 4533 487 4568 an
506 4515 605 4569 trellen
640 4514 688 4567 Ala
713 4514 824 4567 Catilina
851 4515 1002 4567 bezeichnot
1018 4514 1045 4567 in
1063 4515 1106 4568 Br.
1124 4516 1183 4571 359.

174 4583 395 4646 ‘Bnrlherdt
413 4584 460 4638 dae
476 4583 538 4637 tolle
554 4584 620 4637 Jahr
635 4582 661 4637 S.
671 4582 814 4637 roo-412.
841 4583 900 4652 Vgl.
918 4583 944 4636 S.
961 4582 1010 4635 421
1030 4586 1062 4638 A.
1081 4583 1103 4635 2.
1155 4584 1167 4616 ⁶
1186 4582 1254 4640 Hor.

205 4650 226 4723 ¹,
244 4655 267 4721 l,
285 4653 330 4707 16:
350 4652 434 4711 Belua
450 4653 592 4707 multorum
608 4668 637 4706 ea
654 4651 776 4720 capitum.
