2774 4966
468 40 481 65 'l

419 39 1383 244 -

149 545 215 613 570
569 549 656 607 Briete
674 549 721 605 des
739 549 763 606 J.
784 550 858 607 1⁵15.

151 722 317 785 inviserem
350 719 620 802 patremfamilias,
650 720 713 783 nisi
745 721 846 804 pudor
876 743 926 784 me
959 742 1022 784 non
1052 722 1199 802 agrestis,
1230 723 1286 787 sed

151 809 237 872 bono
260 813 292 870 et
315 806 409 869 docto
433 807 499 868 viro
523 805 715 869 conveniens
739 807 927 870 verecundia
957 806 1043 870 domi
1073 809 1165 890 quasi
1197 829 1287 892 sepe·

152 894 232 957 liret.
292 891 422 955 Audebo
457 891 585 955 tandem
621 891 703 954 iuter
737 893 935 974 propinarios
970 892 1152 957 adulatores
1188 893 1288 958 libere

155 978 272 1042 versari
297 977 356 1052 vel,
380 978 405 1040 si
428 977 536 1040 aditus
558 976 652 1040 turba
673 976 896 1041 combibonum
915 979 1054 1060 stipatus
1070 999 1133 1042 non
1150 978 1287 1062 patebit,

154 1063 343 1147 philosopho
368 1062 556 1126 ministrabo
580 1066 706 1125 tantum
731 1064 796 1126 vini
818 1069 851 1126 et
873 1063 1038 1128 cervisiae'
1071 1085 1124 1146 per
1147 1063 1285 1131 alienam

150 1172 290 1221 manum,
325 1154 362 1211 ut
395 1147 505 1212 Fauno
540 1146 725 1230 Satyrisque
758 1154 869 1212 venter
898 1153 940 1226 et,
972 1170 1054 1230 quae
1085 1149 1145 1215 sub
1176 1157 1288 1222 ventre

152 1240 237 1311 sunt,
274 1240 427 1298 tumeant.
473 1233 643 1315 Reliquum
675 1237 734 1311 est,
768 1232 905 1310 Urbane,
938 1239 974 1297 ut
1006 1235 1199 1317 promissum
1229 1235 1288 1311 ab·

154 1317 286 1385 solvas²
335 1319 424 1400 ,Non
459 1318 573 1382 habuit
605 1323 773 1400 argentum
812 1319 966 1384 barbatus
1004 1319 1151 1385 artifex.“
1199 1320 1288 1387 Scite

153 1407 283 1471 dietum.
330 1405 411 1481 Quid
436 1405 501 1467 ita?
546 1403 627 1480 Quia
662 1406 826 1486 pecuniam
862 1427 924 1468 non
960 1405 1074 1469 habuit
1110 1404 1285 1471 Matienus.

152 1493 245 1556 Nunc
275 1491 382 1567 babet,
412 1490 544 1553 habebit
568 1493 599 1552 et
622 1489 674 1553 ille
698 1491 889 1573 propediem,
914 1495 951 1554 ut
972 1512 1073 1573 spero,
1106 1499 1285 1574 argentum.

152 1578 217 1641 Fac
248 1578 356 1658 igitur,
380 1583 416 1639 ut
439 1582 513 1638 voto
542 1575 693 1651 truamur,
718 1581 749 1638 et
772 1578 894 1639 amicus
929 1576 1142 1658 pulcherrirna
1175 1584 1287 1660 patera

154 1664 269 1744 (magis
287 1663 370 1726 enim
387 1664 490 1744 operis
506 1663 697 1724 auctoritate
714 1684 808 1743 quam
834 1663 985 1725 materiae
1009 1663 1124 1745 pretio)
1147 1664 1288 1740 gaudeat

153 1756 186 1812 et
208 1751 358 1831 potiatur.
408 1747 511 1810 [lebeo
545 1746 605 1810 tibi
640 1771 679 1810 ex
713 1748 866 1828 superiori
901 1747 1061 1811 vindemia
1093 1748 1288 1815 admonente

152 1832 281 1899 Publi0³
315 1834 404 1896 XXX
437 1831 599 1913 Sneberg,
635 1833 712 1896 item
749 1853 805 1916 pro
843 1833 1032 1915 nuperrimis
1070 1834 1288 1900 voluminibus

153 1924 308 2003 quantum
340 1920 435 1983 voles
483 1917 625 2000 Denique
660 1940 815 1981 summam
851 1919 984 2000 expensi
1017 1918 1114 1982 tacito
1138 1924 1171 1983 et
1195 1924 1287 1985 tuum

152 2007 191 2070 de
214 2028 293 2079 meo,
325 2005 481 2068 arbitratu
515 2009 583 2079 tuo,
616 2003 774 2067 deducito.
822 2003 911 2080 Quod
947 2003 1113 2088 supererit,
1149 2006 1286 2073 custodi.

153 2093 223 2158 Non
250 2111 326 2172 egeo
350 2092 492 2172 pecunia.
541 2087 674 2152 Paulus⁴
698 2089 804 2152 decern
821 2112 933 2154 aureos
949 2091 1069 2154 attulit.
1109 2089 1287 2170 Transibis

153 2182 190 2241 ut
212 2177 333 2261 opinor,
357 2176 396 2239 ad
422 2173 705 2240 Francofordiam.⁸
751 2174 830 2238 Tum
856 2197 914 2257 ego
937 2180 995 2241 tua
1009 2177 1170 2241 industria
1184 2179 1288 2243 fretus

152 2264 378 2344 Hieronymum
397 2265 429 2324 et
444 2262 507 2325 alia
522 2260 681 2324 literariae
697 2260 809 2323 mercis
832 2262 886 2325 diu
910 2285 928 2325 a
953 2262 1054 2343 petita
1077 2261 1135 2328 deo
1159 2263 1288 2330 volente

153 2349 315 2415 obtinebo.
363 2347 439 2411 Vale
461 2346 558 2410 Xllll.
583 2346 648 2412 Cal.
674 2349 754 2430 Aug.
780 2347 871 2412 Anno
894 2284 1020 2413 bev.

308 2450 370 2506 Cod.
389 2448 455 2503 Frcf.
474 2449 532 2504 502.

152 2657 268 2727 (oona.)
677 2639 750 2704 507.
1072 2657 1113 2710 ro.
1134 2656 1189 2711 run
1210 2659 1286 2714 1515.

492 2765 634 2836 Mutina
659 2787 707 2835 an
730 2765 940 2852 Nepotian‘

151 2896 200 2963 (M.
219 2897 323 2949 srlrerrlt
342 2899 361 2950 S
381 2898 513 2950 (droselam
530 2914 579 2950 rene
596 2897 653 2949 sr’rlr
670 2896 714 2948 des
732 2895 866 2950 Eromrrus
886 2895 1045 2948 Muralisclre
1058 2895 1193 2948 Drstielror
1208 2896 1288 2949 Cetos

151 2966 311 3036 elatrasset,
330 2966 485 3020 doersein
504 2966 649 3034 Exmrrplar·
666 2965 716 3016 mit
734 2964 819 3017 einenr
847 2963 968 3017 Godirlrte
985 2965 1028 3017 des
1056 2964 1155 3018 Cordus
1172 2964 1219 3018 leat
1237 2981 1288 3018 zu·

547 3033 766 3089 eomrrrenbindea
784 3034 889 3098 lasset.)
1134 3033 1137 3039 '

215 3150 394 3209 Nepotiane
413 3161 469 3199 suo
487 3162 550 3199 non
568 3148 686 3198 insulae
704 3159 805 3207 neque
823 3145 937 3197 infanti
955 3146 1086 3205 ephebo,
1104 3145 1226 3196 Urbani

518 3234 632 3284 sororis
650 3233 724 3292 filio,
743 3233 786 3282 Μ.
805 3231 917 3282 Rutila.

256 3347 289 3410 S.
336 3349 365 3408 Γ
363 3334 502 3424 stupende
525 3345 657 3409 Catonis
688 3366 811 3408 carmen
838 3343 879 3406 ab
903 3343 1032 3406 Erasmo
1066 3341 1287 3405 emendatum⁷

153 3455 252 3514 nuper
276 3432 314 3496 ad
340 3455 389 3494 narr
412 3433 498 3495 misit
522 3454 577 3512 pro
602 3431 702 3513 ipsius
720 3452 793 3512 erga
810 3452 859 3492 me
878 3427 1100 3491 benevolentia
1116 3427 1289 3507 singulari-

152 3541 213 3600 que
236 3518 342 3581 ostieio
366 3517 647 3599 conjunctissimus
676 3515 770 3579 bomo
803 3514 950 3577 Urbanus
978 3513 1164 3576 avunculus.
1210 3513 1288 3578 Heri

153 3627 225 3668 vero
260 3603 448 3686 reposcebat
481 3602 531 3666 liis
562 3601 680 3665 verbis:
722 3600 894 3682 „Catonem
929 3600 1045 3663 cursim
1078 3599 1215 3677 remitte,
1251 3607 1290 3662 ut

151 3689 351 3770 Nepotianus
368 3688 517 3752 ediscat.“
567 3688 665 3751 Aliter
681 3708 739 3768 ego
760 3686 862 3750 facere
879 3685 1042 3760 constitui,
1067 3683 1125 3748 etsi
1147 3705 1287 3765 aequum

153 3777 262 3857 petit*
285 3778 317 3837 et
338 3774 446 3838 omnia
470 3796 524 3856 pro
555 3777 668 3837 rnutua
702 3776 812 3835 nostra
847 3769 1083 3835 necessitudine
1115 3770 1289 3851 impetrare

152 3861 256 3924 debet.
302 3859 382 3923 Nam
414 3865 447 3923 et
474 3859 537 3941 legi
571 3859 708 3922 libenter
741 3857 865 3921 Erasmi
901 3855 1023 3919 scholia
1055 3859 1087 3919 et
1117 3855 1290 3937 diligenter

151 3946 315 4024 annotavi,
349 3950 380 4009 et
411 3967 490 4026 opus
526 3967 564 4008 ne
597 3945 812 4008 inconnexum
848 3942 1065 4025 dissiparetur,
1090 3939 1290 4005 Catonianos

224 4164 237 4191 ἃ
252 4152 331 4216 potat,
351 4148 465 4200 ‹lorrl'bor
485 4147 512 4199 in
532 4149 597 4215 petit
613 4147 757 4199 sertensrl.

226 4219 357 4271 ¹Andoro
385 4218 461 4270 Form
489 4219 531 4268 fiir·
557 4219 603 4267 dns
630 4216 764 4267 iililirlrere
792 4215 927 4267 cerevisia.
1004 4211 1210 4264 ²llinsiehtliuh
1242 4213 1290 4270 dor·

154 4285 240 4385 llirpgst
266 4287 455 4377 gerriiusplrten
476 4285 618 4385 ‘silberuepr
640 4288 729 4351 patera
756 4284 818 4335 (nlor
845 4284 891 4334 dns
915 4281 992 4370 calip.
1029 4281 1053 4333 S
1074 4281 1126 4365 546
1143 4284 1172 4332 A.
1193 4281 1215 4333 3.

188 4425 199 4454 ⁵
216 4356 320 4492 XlgliOS.
330 4356 439 4476 bedu.
458 4423 482 4472 4.
504 4353 556 4452 Del
574 4353 762 4498 Sibblderdiud
776 4349 1240 4486 Hmllbllidnpslrgbatsonisffldrilrelrb
1254 4418 1288 4470 de

151 4492 270 4545 moribus
288 4492 322 4544 ad
339 4491 433 4552 filium,
451 4494 528 4542 uuter
546 4490 606 4543 dem
624 4489 703 4542 nter:
731 4489 852 4542 Drstreha
878 4487 987 4540 moralia
1010 4485 1060 4554 gab
1083 4484 1211 4538 Erasmus
1239 4486 1292 4540 mit

137 4562 240 4616 anderu
264 4560 400 4617 Soluifton
419 4576 577 4619 zusammen
594 4558 676 4616 lond.
695 4557 885 4613 tertiemus.
918 4554 978 4624 lgr.
997 4555 1022 4609 S.
1041 4554 1092 4609 564
1109 4555 1140 4607 Α.
1159 4555 1189 4608 6.’
