2776 5084
557 650 666 706 Mutiau
683 668 717 705 au
736 651 838 708 Urbuu.
1207 653 1272 719 453

230 823 312 900 Quid
345 822 531 904 praeterea?
575 821 663 886 Mota
686 826 754 886 erat
776 823 933 904 quaestio,
961 825 1032 886 utra
1063 825 1151 886 secta
1180 827 1265 887 esset

128 910 355 991 praestantior,
379 930 419 971 an
444 929 562 986 eorum,
587 909 641 988 qui
665 912 790 972 tautum
815 909 1079 989 contemplationi
1102 912 1264 985 vacarent,

128 1016 169 1058 an
193 995 248 1075 qui
275 994 309 1057 in
341 997 415 1058 actu
448 1015 550 1056 rerum
585 993 811 1057 versarentur?
856 993 934 1056 Post
962 994 1203 1057 dissertationes
1233 995 1265 1056 in

130 1085 299 1161 utramque
330 1083 451 1163 partem
484 1099 569 1141 more
600 1079 780 1142 academico
812 1078 932 1160 placuit
961 1100 1014 1141 eos
1038 1079 1163 1142 demum
1198 1101 1267 1143 esse

127 1165 315 1242 laudabiles,
339 1166 394 1247 qui
417 1169 588 1243 utrumque
611 1164 750 1228 officium
775 1164 969 1246 copularent,
1000 1166 1114 1245 partim
1146 1165 1268 1229 scilicet

130 1252 256 1315 actuosi
278 1251 394 1334 partim
417 1250 588 1314 sedentarii
613 1255 645 1313 et
669 1272 794 1332 segnes.
842 1251 1001 1313 Advocavi
1035 1272 1159 1314 versum
1184 1252 1268 1314 vatis

129 1336 304 1419 supradicti
335 1357 398 1400 non
432 1335 661 1415 inelegantem:
701 1335 796 1417 ,Otia
827 1336 1029 1413 damnantur,
1068 1357 1150 1416 quae
1180 1337 1268 1400 nulla

128 1424 260 1506 negotia
282 1420 471 1487 tractant.“¹
518 1421 661 1502 Denique
685 1444 756 1485 cum
788 1443 954 1503 ageremus
985 1422 1023 1485 de
1055 1423 1085 1485 vi
1109 1426 1141 1486 et
1164 1424 1194 1486 vi
1217 1445 1268 1487 ar-

128 1514 229 1586 mata,
268 1509 402 1572 lusimus
436 1507 606 1572 admodum
643 1508 745 1570 facete
780 1509 811 1571 in
847 1507 1090 1571 semibarbaros
1138 1507 1267 1572 Adduxi

129 1616 257 1659 cumen
285 1593 432 1658 Nasonis.
482 1591 615 1674 „Tutius
639 1599 687 1656 est
709 1594 808 1673 igitur
830 1593 915 1657 fictis
943 1594 1134 1657 contendere
1163 1595 1267 1658 nervis

130 1680 231 1757 Quam
260 1701 402 1762 pugnare
424 1675 569 1742 manu.“¹
616 1679 729 1742 Arrisit
756 1679 962 1743 Osimundus
1010 1679 1056 1742 Ad
1089 1682 1265 1743 extremum

130 1766 169 1828 de
195 1766 294 1830 titulo
323 1766 436 1829 domus
464 1770 657 1828 convenerat
686 1765 768 1827 inter
800 1786 866 1841 noa,
901 1771 938 1828 ut
965 1765 1140 1846 appellaret
1173 1766 1267 1828 aedes

130 1851 236 1927 „brun
261 1854 345 1926 bruel
370 1859 472 1925 strud',
496 1870 532 1913 eo
565 1850 648 1931 quod
679 1857 818 1931 angusta
849 1852 963 1914 semita
994 1858 1027 1913 et
1058 1851 1187 1913 acclivis
1217 1851 1264 1914 vel

132 1938 240 2018 potius
278 1957 429 2019 praeceps
461 1934 631 1998 deduceret
664 1937 703 1999 ad
734 1937 874 2018 januam.
921 1934 1017 1999 Vobis
1052 1936 1195 2017 injungo,
1229 1942 1265 2000 ut

133 2023 251 2104 pariter
272 2022 443 2102 requiratis
467 2020 590 2084 literam
615 2022 853 2102 pythagoricam
878 2020 905 2084 Y
928 2022 1013 2102 apud
1039 2021 1208 2101 Vergilium
1233 2027 1265 2085 et

133 2105 305 2172 Persium.³
349 2107 430 2171 Nam
461 2107 513 2170 via
543 2107 672 2170 virtutis
702 2114 799 2189 atque
829 2108 976 2171 coelestis
1006 2113 1154 2189 augusta,
1185 2129 1261 2172 con-

130 2195 231 2259 traria
255 2215 327 2257 vero
349 2193 506 2257 latissime
528 2197 626 2274 patet.
673 2193 756 2257 Vale.

287 2293 348 2350 Cod.
368 2292 435 2348 Fref.
454 2293 512 2348 359.

135 2482 252 2551 (uorsa.)
318 2506 320 2510 <
661 2466 733 2531 385.
1043 2481 1078 2550 (n.
1096 2482 1161 2536 runi
1182 2482 1267 2552 1514.)

434 2630 438 2636 ·
512 2592 655 2662 Mutian
679 2612 727 2662 an
751 2591 892 2663 Urbau.

131 2709 218 2789 (Ura
245 2720 384 2799 Spoletina
412 2720 521 2789 Drptom
549 2723 606 2774 und
628 2722 671 2774 dr'e
700 2722 998 2789 cherronstrenpunpcn
1020 2721 1066 2774 der
1084 2720 1269 2774 ll‘ebcnbrrfrter.

268 2789 392 2842 marrier
408 2791 467 2842 rand
486 2790 576 2843 Sctrr'lo
593 2791 675 2844 sellan
689 2790 814 2858 pernulmt
832 2791 939 2857 tradar,
957 2791 1021 2843 doctr
1038 2789 1132 2857 suast.)

205 2903 327 2954 Eximio
344 2905 429 2964 patri
446 2904 487 2955 H.
506 2905 811 3040 Urbarzgimssgiugerp
830 2916 1006 2963 oeconomo,
1020 2905 1119 2955 amtco
1137 2904 1199 2955 fido

242 3081 345 3147 Salus.
393 3082 426 3144 ln
458 3105 491 3146 re
521 3083 669 3148 familiari
704 3089 733 3147 et
769 3084 940 3147 amicorum
977 3083 1115 3163 negotiis
1150 3105 1267 3164 nequa-

135 3189 233 3250 quam
258 3168 410 3233 debemus
433 3191 502 3233 esse
525 3170 732 3252 negligentes.
779 3168 939 3252 Diploma⁴
963 3169 1114 3251 quando?
1158 3167 1267 3233 Timeo

133 3252 291 3328 fallaciae,
323 3254 422 3329 dolos,
455 3257 654 3337 praestigias.
689 3256 746 3328 ¹ld
777 3255 883 3319 forsan
912 3255 1088 3318 moliuntur
1115 3255 1204 3326 mori,
1232 3260 1269 3318 ut

137 3345 215 3402 ante
241 3340 292 3404 hio
316 3346 407 3404 vacet
430 3343 647 3415 canonicatus
671 3363 765 3423 quam
783 3343 904 3404 amicus
921 3344 1029 3404 noster
1044 3345 1118 3404 voto
1135 3339 1268 3403 fruatur.

136 3425 218 3488 Nam
262 3427 416 3489 carronica
457 3426 534 3488 baec
571 3429 706 3490 societas
746 3449 828 3489 mera
867 3433 915 3488 est
951 3428 1092 3489 satietas.
1150 3426 1268 3502 Soluto,

136 3512 296 3594 pessimus
319 3513 460 3574 omnium
487 3513 646 3593 bipedum,
671 3536 732 3575 non
758 3518 806 3574 est
830 3511 1008 3574 liberatus.⁵
1054 3512 1129 3571 wan
1146 3512 1268 3571 intrim

136 3601 199 3657 ubrr
227 3599 284 3658 nirr
310 3589 387 3678 Juru
411 3599 459 3672 trab
483 3600 517 3657 im
542 3601 627 3674 trpnu
656 3601 776 3678 quitum
805 3601 895 3671 urben.
942 3595 1068 3670 aaran
1095 3593 1269 3673 &irritaturu‘

135 3688 187 3742 rut
216 3681 332 3757 Sdrilru
363 3683 438 3743 riser
465 3701 541 3759 naun
570 3683 744 3759 nostratim,
773 3687 809 3745 ut
837 3682 950 3746 saltem
980 3681 1090 3745 leviter
1118 3681 1268 3744 admone-

135 3770 242 3830 antur.
289 3766 375 3830 Dura
403 3766 533 3829 verbera
555 3789 618 3830 uon
643 3768 828 3831 admittunt.
876 3766 1010 3831 Cornuti
1037 3771 1113 3830 sunt
1136 3771 1168 3830 et
1191 3766 1268 3830 dou-

137 3852 208 3916 tati.
253 3850 370 3916 Statim
399 3853 592 3915 resisterent.
639 3853 725 3930 ,ttius
756 3858 829 3927 narie
860 3855 908 3912 urit
930 3859 980 3913 bru
1004 3854 1112 3927 trutlru
1136 3852 1266 3926 edentia

105 3948 107 3952 '
136 3939 276 4011 umbrata.
321 3937 413 4000 Nosti
437 3959 539 4001 mores
562 3938 756 4001 acerborum.
802 3936 887 4000 vale.

295 4037 358 4092 Cori.
376 4038 442 4092 Frcf.
462 4039 520 4092 379.

136 4145 199 4153 ...m-
225 4147 343 4153 -..κ-...-

209 4194 216 4224 ¹
237 4191 292 4244 Ecl.
311 4192 346 4258 X,
368 4195 407 4246 la.
462 4193 564 4245 ruric.
585 4193 689 4245 llctum.
710 4193 784 4258 Xlll,
798 4195 814 4245 a
826 4210 865 4259 sq.
921 4194 931 4224 ³
948 4193 1063 4244 »rricius
1071 4192 1159 4244 littera
1169 4191 1268 4257 Pptlra·

137 4276 225 4328 goras,
251 4277 301 4313 non
326 4264 395 4329 quod
419 4263 452 4314 ab
471 4278 501 4314 eo
519 4261 626 4313 inrcuta
648 4262 734 4324 fucrit,
759 4263 804 4312 sod
831 4262 899 4328 quud
919 4262 1076 4328 rinstiguns
1096 4258 1269 4311 utebaturud

137 4328 339 4447 sviguificaudunr
368 4331 467 4411 bivium
485 4331 556 4410 ritae
575 4331 706 4424 turritanae
726 4345 770 4414 per·
790 4330 900 4429 virtutes
918 4338 969 4448 aut
983 4347 1028 4396 pcr·
1047 4326 1268 4448 {litiauBFordcpessl

138 4397 386 4519 auibibainlrbabiiii
401 4400 559 4533 Sirblrrliirbs.
578 4399 648 4534 illisit
665 4398 774 4532 diluuii.J
795 4465 846 4518 ltus
866 4400 1013 4543 lisiridiiiliiit
1030 4398 1177 4541 militumi..
1210 4414 1268 4530 Vgl.

138 4532 183 4587 Br.
203 4535 261 4588 353.
282 4534 344 4588 358.
398 4535 480 4586 bIler
499 4535 655 4587 Pmlruratur
673 4537 708 4600 (S.
728 4535 779 4587 llo
799 4538 827 4585 A.
846 4536 873 4601 4)
893 4538 928 4586 ist
946 4535 1018 4586 nieht
1036 4551 1086 4585 ron
1105 4530 1268 4585 seruorVer·

139 4601 289 4671 pssiclrtuug
306 4619 341 4656 zu
359 4603 452 4656 zahlen
478 4603 627 4655 cutbundcn
652 4604 765 4656 worden.
803 4602 861 4670 Vgl.
881 4601 922 4655 Βι·Ι
941 4603 999 4656 421.
1070 4601 1152 4653 ⁶Iler
1176 4598 1270 4651 Mister

140 4671 188 4725 des
204 4669 313 4726 Haueos
331 4670 369 4741 (S.
387 4672 438 4725 402
456 4675 488 4725 A.
507 4671 543 4741 6),
561 4672 608 4723 dor
624 4671 700 4725 lreiuo
717 4671 798 4725 lliotc
816 4670 913 4725 aahlte.
