2774 4966
141 638 247 692 blutien
265 656 300 693 au
318 641 495 708 Sbmmering.
523 641 628 694 blutian
647 658 682 695 an
700 641 773 696 Helt.
800 641 907 695 Mutina
924 657 960 694 an
978 640 1140 696 Hartmann.
1164 642 1229 709 503

91 814 124 874 et
150 815 304 892 sanctam.
348 810 460 892 Neque
485 812 570 876 enim
601 833 724 895 semper
751 813 914 895 gentiliter
936 816 986 878 est
1008 813 1227 878 disserendum

89 896 144 959 rel.
193 896 309 961 vicarii
332 895 467 961 Mariani
491 919 540 961 me
563 897 727 962 citarent.¹
775 897 942 962 Terminus
956 898 1072 975 estdie
1096 898 1228 964 Veneris

91 982 247 1063 proxima.
293 982 426 1047 Dimitte
448 984 529 1047 istos
552 1004 572 1045 a
593 983 746 1047 tribunali
770 984 809 1047 ad
834 984 1118 1050 extraordinariam
1135 990 1225 1049 tuam

90 1067 298 1132 audientiam.
345 1068 459 1150 Agitur
482 1069 520 1132 de
543 1069 646 1132 domo.
693 1069 965 1133 Praestantissimi
981 1069 1040 1133 viri
1056 1069 1091 1133 D.
1109 1069 1226 1152 Eugei-

91 1150 243 1216 mannns²
278 1158 310 1217 et
342 1152 491 1218 Urbanus
525 1154 685 1218 curabunt
718 1176 805 1218 meas
839 1160 956 1237 partes.
1001 1154 1097 1219 Plura
1131 1155 1226 1221 nobis

93 1238 231 1302 seribere
254 1260 318 1303 non
342 1238 456 1322 placet.
503 1239 588 1304 Satis
611 1241 698 1305 nosti
722 1262 771 1304 me
795 1240 938 1322 quietum
956 1262 1025 1304 esse
1041 1244 1073 1305 et
1088 1239 1225 1305 libenter

91 1325 284 1405 quieturum,
308 1326 335 1388 si
359 1324 433 1388 mali
456 1346 519 1388 non
536 1324 796 1389 interturbarent.
842 1325 879 1388 D.
903 1322 1095 1390 Nithardus³
1113 1327 1226 1391 misere

92 1414 124 1473 et
147 1410 282 1493 turpiter
306 1408 441 1491 negligit
463 1409 623 1492 Spalatini
647 1411 820 1492 negotium.
866 1410 973 1489 Miror,
997 1433 1053 1475 cur
1075 1411 1135 1474 tibi
1160 1433 1224 1476 nou

92 1495 300 1576 gratificetur.
345 1494 425 1559 Nam
449 1496 476 1560 si
499 1518 548 1560 me
565 1501 596 1559 et
613 1496 814 1578 Spalatinnm
832 1498 1018 1572 contemnit,
1036 1500 1225 1562 nontamen

94 1581 205 1645 tetuli
229 1581 386 1663 dignitate
408 1581 586 1664 praeditum
611 1585 814 1646 contemnere
836 1583 973 1646 deberet.
1020 1582 1104 1646 Vale.

244 1681 308 1735 Cod.
327 1680 394 1735 Frof.
412 1680 472 1735 426.

96 1850 210 1924 (noua.)
619 1835 692 1900 438.
1127 1852 1227 1924 (1514.)

480 1960 626 2032 Mutian
649 1982 698 2032 an
720 1962 836 2034 Hert:

194 2090 321 2158 (Ersucbt
341 2089 389 2143 ibn
407 2089 456 2143 clas
471 2089 602 2160 pelielrene
624 2090 689 2146 uera
704 2107 742 2144 aa
760 2091 849 2143 Adam
874 2089 1126 2156 aauotaaanea.)

203 2204 342 2256 Esurioo
360 2203 438 2254 Helt
455 2202 609 2256 bonarum
626 2205 742 2255 artium
760 2204 900 2256 studioso
919 2200 975 2270 (M.
993 2199 1117 2270 Butae).

196 2315 343 2392 Hennae,
367 2316 468 2379 amice
492 2318 534 2380 mi
558 2338 622 2380 non
645 2317 795 2397 vulgaris,
821 2315 928 2379 salvus
951 2317 1004 2379 sis,
1051 2313 1123 2378 Tibi
1154 2335 1228 2395 gru-

93 2402 188 2479 111101,
211 2403 298 2484 quod
324 2401 455 2464 studeas
478 2402 562 2465 iuter
585 2401 803 2483 philosophiae
836 2407 1010 2465 sectatores
1033 2422 1096 2464 non
1122 2399 1227 2463 solnm

91 2489 184 2553 bonis
215 2488 315 2553 literis
339 2487 393 2550 sed
418 2488 514 2550 etium
544 2490 665 2551 sanctis
698 2489 847 2551 moribus.
894 2487 973 2550 Nam
1005 2486 1227 2551 institutiones

91 2579 124 2637 et
147 2579 318 2656 praecepta
341 2574 566 2654 magistrorum
591 2575 651 2637 etsi
670 2595 725 2655 per
741 2596 774 2636 se
790 2573 986 2656 amplissima
1010 2578 1095 2648 sunt,
1119 2577 1226 2634 tamen

91 2681 162 2724 oum
187 2661 372 2741 integritate
394 2681 516 2722 morum
541 2659 712 2741 conjuncta
742 2659 917 2741 perfectum
946 2660 1047 2720 virum
1072 2664 1103 2720 et
1127 2679 1228 2739 usque

92 2767 219 2827 quaque
242 2744 434 2808 laudabilem
459 2744 591 2808 faciunt.
638 2744 695 2808 Est
729 2751 836 2809 autem
870 2744 949 2807 illud
985 2745 1067 2807 inter
1101 2744 1228 2806 decreta

90 2830 312 2914 philosophiae
344 2852 407 2893 non
441 2835 646 2911 postremum,
676 2838 711 2894 ut
741 2831 835 2896 fidem
865 2832 1007 2911 praestes
1031 2834 1063 2892 et
1086 2829 1226 2892 minutas

90 2918 163 2981 illas
198 2916 397 2999 pecuniarias
430 2917 594 2999 suppetias
625 2915 761 2980 Adamo⁵
792 2923 849 2979 tuo
872 2915 1032 2979 restituas.
1077 2914 1112 2978 ld
1141 2913 1226 2996 quod

92 3005 124 3067 te
148 3003 256 3067 docuit
279 3007 347 3066 tum
371 3002 550 3067 communis
572 3004 676 3085 patria
698 3006 768 3066 tum
791 3003 861 3086 ipsa
883 3001 985 3066 virtus
1007 3003 1073 3064 tua.
1120 2997 1204 3062 Vale.

248 3101 309 3156 Cod
328 3101 394 3156 Furi.
412 3101 471 3154 427.

89 3268 208 3340 (Gotha)
621 3256 695 3322 439.
1009 3269 1050 3325 20.
1069 3269 1132 3325 Der.
1152 3269 1227 3324 1514.

423 3380 567 3451 Mutian
591 3401 640 3451 au
662 3382 898 3453 Hartmann.⁶

92 3509 190 3576 (Prope
219 3509 287 3560 eracli
319 3508 490 3560 Harlrrrmms
521 3509 650 3575 Meiuuuy
680 3510 741 3561 illm
769 3510 812 3561 die
841 3507 1156 3572 Kalmrderrerbeaserung
1184 3506 1228 3559 des

93 3577 321 3630 Luteroulronrils.
368 3577 513 3629 aaronitas
540 3576 647 3644 Kurnps
670 3579 719 3629 ruit
744 3578 794 3630 dore
824 3577 1045 3637 Dorrriur'lruuerrr,
1072 3574 1115 3627 die
1142 3575 1229 3629 (iuuat

363 3646 427 3698 laeos
445 3645 479 3697 X.
516 3645 654 3713 Hoffnrmp
672 3646 727 3712 aurs
737 3646 786 3698 don
807 3645 953 3713 llrrrmplr.)

163 3770 171 3800 ¹
190 3767 311 3820 Geschah
330 3767 412 3819 sehon
435 3768 494 3819 hut.
514 3767 589 3818 1513.
626 3765 686 3833 l'gl.
706 3765 748 3817 Br.
768 3766 826 3817 222.
864 3764 937 3817 Doch
957 3762 1071 3816 erhobeu
1089 3762 1147 3815 sich
1160 3778 1228 3815 neue

93 3836 229 3904 Irruugeu,
249 3834 309 3887 weil
327 3835 446 3887 Dicturar
464 3834 523 3886 dem
543 3834 669 3902 Veniage
688 3834 804 3885 zuwidor
822 3833 895 3886 nicht
914 3832 993 3885 haute
1005 3831 1058 3884 und
1069 3830 1120 3883 den
1132 3830 1229 3884 Sehutt

92 3904 170 3956 nieht
191 3920 239 3956 aus
263 3903 310 3955 dor
333 3904 401 3955 Gora
424 3909 533 3954 rhumeu
560 3902 630 3956 hess.
667 3902 726 3970 Vgl.
746 3902 788 3953 Br.
807 3903 865 3955 441.
885 3902 945 3953 449.
982 3890 1054 3952 Uber
1080 3899 1127 3952 das
1153 3899 1228 3953 Eudo

93 3973 140 4025 des
158 3971 268 4025 Streites
288 3970 338 4039 vgl.
358 3971 401 4023 Br.
420 3972 479 4025 492.
503 3979 506 3984 “
551 3970 809 4023 ’Kiiohennreisten
845 3969 869 4024 S.
889 3970 940 4023 502
958 3971 988 4022 A.
1009 3968 1032 4021 2.
1105 3966 1156 4021 ³8.
1176 3967 1228 4022 502

92 4044 123 4094 A.
144 4043 184 4094 ll.
241 4043 250 4071 ⁴
268 4040 327 4092 Nur
341 4040 398 4092 bier
411 4042 532 4107 genennt,
545 4040 587 4091 eiu
600 4039 787 4091 Studierander
804 4040 850 4091 der
867 4039 919 4092 Eri.
939 4037 1036 4090 Sohule
1055 4036 1109 4089 und
1127 4036 1227 4090 leuda·

94 4125 173 4162 manu
193 4109 239 4161 des
258 4110 306 4160 Ad.
326 4108 446 4161 Publius.
477 4108 552 4161 Ohuo
571 4107 677 4159 Zu'oilol
695 4107 837 4161 »tierricus
850 4107 934 4174 Hyldt
949 4107 982 4158 do
998 4104 1227 4173 Alschenborgke

93 4178 208 4229 immatr.
232 4177 284 4229 1111.
310 4177 389 4229 blioh.
416 4179 482 4229 1513
505 4176 701 4242 (Weisseub.
727 4176 785 4230 Art.
805 4176 839 4242 ll,
865 4175 934 4242 282).
971 4173 1032 4226 Soin
1059 4173 1227 4225 Landsmann

93 4245 206 4299 Publius
218 4245 254 4298 ist
267 4246 394 4298 demuaoh
415 4246 461 4297 der
479 4250 533 4298 Ost.
555 4244 621 4298 1512
640 4245 752 4297 irumutr.
771 4246 869 4298 »Adam
880 4241 1227 4310 BuobdeFissohauburgo«

94 4314 256 4382 (Weissenb.
275 4314 309 4380 11,
329 4316 398 4380 2111).
417 4330 457 4366 wo
476 4312 531 4366 also
549 4317 612 4365 statt
636 4312 847 4383 Fissoheuburgo
873 4329 906 4364 zu
930 4312 1003 4364 lesen
1029 4310 1227 4378 Asohonburgo.

94 4382 150 4435 und
168 4383 298 4435 identisoh
320 4383 370 4434 mit
388 4381 475 4434 eiuonr
494 4382 540 4434 der
559 4381 652 4434 beiden
670 4383 765 4434 Adanu
783 4381 932 4448 Asciburgii
943 4381 968 4432 in
979 4379 1022 4432 ΒΓ.
1036 4379 1094 4432 235.
1148 4377 1226 4430 lad.

95 4450 214 4504 Publius.
286 4453 342 4503 ⁰b.
361 4452 377 4502 b
397 4453 428 4502 Α.
450 4453 471 4501 1.
509 4445 1158 4503 AbrflurtmnnnkemF..1514ulsGosaudter
1181 4446 1228 4499 des

96 4520 171 4573 Erzb.
191 4536 216 4573 v.
235 4518 323 4571 Maiuz
342 4536 389 4571 zur
406 4519 579 4586 Schlichlung
597 4518 722 4586 gesisse·
739 4519 807 4571 noch
825 4517 1014 4570 schwobonder
1035 4515 1137 4580 Fruges
1158 4513 1235 4563 uueb

94 4588 193 4709 {murt
230 4588 324 4641 (holus
354 4605 407 4642 war
433 4587 507 4639 nicht
524 4587 551 4639 iu
569 4587 671 4641 soiuom
689 4587 808 4658 Getolgo.
841 4586 926 4641 berno
951 4584 1065 4638 hbre'xss
1086 4575 1257 4642 summe&

122 4657 239 4711 ai1515.
