2774 4966
397 620 502 681 ltutlan
520 643 555 680 an
574 619 673 681 Eoban.
711 623 817 682 lintion
834 643 869 682 an
887 628 988 684 Urban.
1191 626 1255 697 497

126 801 209 864 diem
243 821 337 882 quam
370 799 531 883 proprium
565 798 704 862 natalem
738 797 911 863 celebravit
944 802 1128 881 quotannis.
1172 803 1256 886 Ergo

97 892 98 895 ’
125 885 330 967 triumphate.
364 885 473 948 Ricina
490 882 612 948 Cordus
628 883 781 947 Varenns'
801 906 871 948 cum
888 907 946 948 sua
962 885 1088 950 Cunina
1104 888 1256 969 Feronia,

125 972 333 1035 foeminarum
379 970 573 1047 fidelissima,
618 970 775 1052 spirituali
817 969 1019 1050 jucunditate
1057 973 1141 1037 dorni
1179 997 1257 1039 suae

124 1058 253 1139 gestiat.
299 1055 346 1119 Tu
377 1078 450 1119 vero
481 1077 551 1119 cum
584 1055 766 1118 dulcissima
798 1054 939 1137 'Phryne’
971 1060 1045 1121 vina
1067 1058 1141 1122 bibe
1165 1082 1255 1124 coro·

127 1149 231 1206 natus.
278 1142 345 1223 Ego
376 1163 480 1205 meum
511 1140 690 1223 symbolum
720 1161 845 1222 appono
876 1147 908 1205 et
930 1143 1165 1209 tetrasticbidio
1199 1152 1255 1210 tuo

125 1229 309 1291 admonitus
333 1230 428 1290 etiam
457 1227 584 1289 cantito.
632 1227 685 1288 ais
708 1227 809 1307 enirn:
836 1225 917 1307 „Sed
941 1232 1048 1292 tamen
1072 1235 1121 1293 est
1143 1231 1256 1312 ingens

126 1314 255 1376 sordida
292 1312 372 1376 rima
409 1311 538 1395 pudor.“
596 1310 669 1374 Ideo
704 1330 759 1392 pro
794 1312 872 1374 rirna
906 1310 1001 1377 Trina
1038 1315 1255 1381 substituitur.

128 1398 255 1481 Thryna
278 1396 368 1460 vina⁸
391 1399 410 1460 i.
435 1420 459 1460 e.
485 1397 598 1459 decora
620 1401 653 1458 et
675 1395 807 1477 pulchra
829 1397 930 1474 valde,
960 1400 1026 1465 filia
1049 1401 1255 1466 Hierusalem.

225 1484 348 1547 Blanda
372 1484 476 1546 Venus
499 1482 615 1563 triplici
640 1483 829 1546 monstravit
852 1482 952 1547 limite
975 1486 1086 1550 rimas:

272 1570 373 1650 prima
396 1568 530 1631 fututori
554 1567 780 1649 connubioque
800 1568 902 1644 datur,

223 1654 324 1718 altera
347 1654 465 1717 lascivo
488 1659 579 1736 rapto
603 1651 786 1734 Ganymede
807 1655 944 1730 tonanti,

272 1741 327 1802 sed
351 1739 457 1803 vetulo
481 1741 581 1820 peni⁸
603 1739 699 1800 tertia
723 1739 801 1800 rima
824 1743 921 1820 patet.

227 1825 364 1906 (Phryne,
388 1825 481 1888 dabis
503 1825 646 1903 ueniam3
669 1823 770 1903 pudor
792 1829 849 1901 est,
874 1825 900 1887 si
924 1824 1033 1888 dixero
1055 1825 1181 1906 rimam3

274 1917 305 1973 te
328 1909 488 1991 Thrynam
512 1910 617 1973 vinam
641 1907 733 1972 Musa
752 1908 862 1990 jocosa
885 1915 986 1973 vocat.

228 1994 286 2058 Cui
311 1997 432 2078 placuit
453 1997 564 2058 rimam
589 1995 722 2057 nimium
746 1995 866 2058 dixisse
888 1995 1030 2074 licenter,

274 2082 325 2144 ille
349 2087 437 2144 vetat
459 2079 594 2163 posthac
617 2080 713 2143 verba
736 2080 872 2143 nefanda
895 2081 991 2163 loqui.

283 2180 344 2235 Cod.
363 2180 429 2235 Fros.
448 2180 507 2233 420.

131 2365 246 2435 (coda.)
656 2351 729 2415 431.
1008 2368 1101 2437 (gagen
1119 2368 1150 2422 a.
1170 2371 1257 2440 1514.)

503 2478 648 2549 Mutian
670 2497 720 2547 au
745 2476 883 2548 Urbau.

126 2609 236 2678 (Eiarpe
260 2609 336 2663 l’crse
354 2608 460 2661 Eoborrs
478 2625 529 2660 aas
546 2607 637 2660 dassen
653 2605 736 2672 Brief
747 2622 785 2657 aa
803 2605 934 2658 Rerrclrlr'n
951 2605 1009 2658 und
1023 2604 1109 2673 &nepe
1137 2605 1259 2660 amans

526 2693 591 2728 auru
608 2674 676 2727 Lobc
693 2674 857 2740 Rerroblins.)

506 2790 547 2839 H.
565 2788 693 2839 Urbano
712 2788 756 2838 Μ.
774 2786 885 2838 Rufus.

174 2948 178 2953 ·
231 2902 263 2965 S.
310 2901 387 2965 Cum
413 2902 485 2977 alia,
509 2906 599 2983 pater
621 2904 739 2976 sancte,
764 2904 832 2963 tum
856 2898 934 2962 haec
956 2899 1088 2962 astricta
1119 2902 1259 2964 numeris

127 2994 223 3072 poeta
247 2987 368 3052 noster⁴
392 2988 432 3050 ad
455 2987 674 3050 doctissimum
698 2983 892 3065 Capnionem
917 2985 1061 3065 scripsit:

257 3073 489 3153 „llonstrorum
514 3072 660 3146 domitor,
685 3074 753 3134 toto
775 3069 855 3132 Jove
877 3074 973 3132 natus
995 3069 1037 3134 ab
1059 3069 1136 3133 orbe

297 3159 403 3221 nobile
427 3159 579 3221 virtutum
603 3157 742 3238 praemia
766 3176 879 3218 nomen
905 3154 1012 3219 habet.

255 3243 364 3307 Gloria
386 3242 544 3325 Capnioni
568 3264 631 3305 non
657 3245 705 3304 est
727 3242 845 3304 minor:
870 3241 922 3304 ille
945 3263 1004 3305 nec
1027 3240 1127 3321 hydra

297 3351 354 3392 nec
376 3329 506 3410 reliquis
530 3330 607 3391 vicit
628 3333 770 3391 monstra
794 3327 917 3389 minora
939 3326 1022 3390 feris,
1123 3353 1125 3356 ’

253 3415 366 3491 Qualia
385 3415 449 3496 jain
474 3435 567 3477 nemo
590 3414 724 3493 quaerit,
749 3413 809 3475 nisi
833 3411 966 3476 forsitan
990 3433 1059 3474 esse

295 3501 409 3582 incipis
433 3502 573 3581 ignotus,
599 3498 828 3573 bardocuculle‚
851 3496 941 3561 tibi.“

232 3585 329 3662 Nihil,
352 3588 396 3649 mi
419 3584 554 3663 Urbane,
578 3584 776 3660 concinnius
799 3583 977 3658 sonantius,
1008 3581 1154 3645 festivius
1181 3580 1260 3661 fingi

130 3676 245 3754 potest.
292 3672 426 3735 Nostrae
449 3693 547 3734 venae
580 3668 727 3732 modulus
758 3669 852 3750 longe
882 3668 1009 3732 tenuior
1040 3669 1183 3747 erogavit
1213 3666 1261 3728 in-

129 3758 314 3838 sequentia:

258 3843 420 3904 Hactenus
443 3840 595 3921 imposuit
618 3839 693 3901 ficta
715 3839 873 3922 gravitate
896 3835 1039 3914 Catonis,

301 3948 361 3990 non
387 3926 504 4008 poterit
526 3925 643 4008 populo
668 3946 752 3987 nunc
775 3924 849 3986 dare
874 3922 969 3985 verba
992 3921 1115 4003 Magus.

254 4012 369 4075 Debita
393 4011 548 4093 Capnioni
573 4010 641 4072 laus
664 4011 817 4074 inviolata
841 4007 993 4083 manebit,

298 4097 352 4160 secl
377 4102 434 4159 tua
456 4118 550 4177 quarn
576 4095 708 4158 simulas
730 4095 840 4176 gloria,
865 4093 976 4170 Bardo,
996 4092 1090 4174 jacet.

128 4239 180 4249 ...-
196 4239 258 4244 -...-
277 4238 296 4243 ..
318 4238 335 4242 -.

198 4317 484 4432 ¹llliidnllczeiclrnuup
502 4366 630 4426 Varenus,
649 4382 699 4418 nur·
716 4365 781 4428 hier,
800 4360 1074 4442 istunvorstr‘indliclr.
1105 4358 1163 4480 γε.
1174 4358 1261 4414 8472

130 4444 160 4493 Δ.
180 4442 203 4491 4.
268 4437 320 4488 ¹¹8.
339 4437 390 4487 anu
410 4439 439 4487 Α.
461 4438 482 4488 l.
549 4435 759 4487 ³Sclrorzhaftcs
777 4433 882 4486 latera:
902 4446 964 4484 vina
982 4429 1092 4481 =fe1n.
1153 4427 1187 4497 gl.
1205 4444 1261 4483 vor.

130 4508 173 4562 Br.
245 4505 369 4558 ⁴Eoban.
406 4503 442 4555 Er·
460 4505 532 4555 batte
550 4502 623 4554 Endo
644 4504 710 4554 1514
734 4503 810 4555 cinon
834 4501 919 4566 (nictit
943 4497 1105 4563 crhaltenonl
1132 4495 1208 4548 Bria(
1228 4511 1270 4546 aro

131 4574 263 4629 Reuchlin
273 4573 452 4640 gesclrricben,
462 4573 488 4623 in
503 4571 630 4623 walchem
641 4572 683 4623 dio
693 4587 725 4624 an
744 4571 869 4623 eliihrtnn
877 4567 1024 4622 liisticben
1032 4561 1294 4628 *expersum

133 4643 277 4696 Rcuchliue
294 4644 343 4692 mit
359 4640 489 4693 llorlules
509 4669 541 4677 —
560 4641 680 4697 standon.
752 4656 869 4708 rause,
883 4637 920 4692 a.
934 4637 976 4692 ll.
989 4634 1020 4702 i„
1033 4634 1102 4685 ΠΒ.

151 4729 284 4769 zeitschrift
296 4729 323 4767 Ν,
338 4729 363 4767 F.
378 4728 457 4776 strepi.
472 4730 514 4768 IX.
1046 4700 1101 4765 Ὧι
