2774 4966
546 577 650 633 Motiau
669 595 702 631 an
722 575 823 632 Urban.
1211 576 1244 640 ll

123 755 239 819 doctus
260 762 294 818 et
317 753 442 837 probus,
466 759 599 836 uterque
626 754 712 816 dives
742 756 774 815 et
798 758 919 833 potens
947 774 1009 814 uon
1034 751 1159 833 quidem
1186 750 1246 811 tur·

123 848 222 906 tunae
253 841 374 923 judicio
408 847 464 903 aut
495 840 696 921 persuasione
718 839 898 914 stultorum,
931 838 984 900 sed
1013 837 1040 899 si
1065 837 1247 899 beatissima

123 929 223 992 animi
246 925 411 991 commoda
435 934 566 1008 spectes.
616 925 773 988 Habemus
796 925 826 986 in
851 924 960 988 ordine
983 924 1081 986 latino
1106 945 1167 985 non
1192 923 1246 984 ad-

125 1015 253 1078 modum
279 1014 393 1097 plures,
416 1012 469 1076 sed
493 1012 694 1076 doctissimos
718 1011 863 1092 collegas,
896 1011 978 1073 inter
1008 1031 1087 1092 quos
1111 1007 1248 1070 Thomas

126 1100 303 1181 Vuolphius
325 1120 415 1162 meus
437 1099 593 1173 enitescit,
617 1098 706 1178 cujus
730 1120 788 1177 ego
812 1120 895 1160 nunc
917 1096 976 1159 tibi
1000 1096 1092 1159 binas
1114 1095 1248 1158 exhibeo

126 1188 246 1259 literas,
270 1185 409 1250 romanis
432 1185 552 1249 salibus
569 1192 600 1248 et
615 1187 717 1265 gratia
741 1184 880 1249 refertas.
919 1182 1087 1263 Reliquum
1104 1188 1160 1250 est,
1186 1186 1250 1244 ut*

125 1273 325 1356 Spalatinunr
361 1292 416 1352 pro
447 1293 480 1334 se
511 1270 690 1354 loquentem
724 1270 878 1341 inaudias,
912 1291 980 1332 cum
1007 1290 1069 1350 quo
1094 1267 1250 1349 praeclare

123 1368 279 1439 ageretur,
303 1359 329 1419 si
353 1357 586 1420 sacratissimus
611 1363 644 1418 et
665 1378 836 1436 generosus
866 1355 966 1418 abbas
989 1361 1064 1418 tuus
1087 1353 1171 1416 lrunc
1193 1375 1248 1434 op-

127 1447 240 1510 timum
254 1445 402 1525 juvenem
420 1443 575 1525 hospitem
592 1443 652 1506 sibi
669 1450 764 1527 atque
781 1443 985 1508 domesticum
1004 1440 1129 1504 faceret.
1168 1440 1248 1503 Vale.

279 1543 427 1598 CodFrct.
446 1543 486 1599 58.

128 1715 245 1785 (Gotha)
661 1719 709 1784 10,
1001 1713 1144 1784 (Pfingstou
1163 1713 1248 1783 1505.)

498 1853 641 1924 blutian
665 1874 712 1924 an
735 1853 873 1925 Urban.

127 1989 216 2053 (Doni
231 1989 279 2056 scir
303 1990 377 2043 Hotx.
426 1990 602 2044 ll'uaderbcre
630 1991 758 2060 Wr'rlrrenq
780 1992 824 2043 (tes
848 1990 1050 2058 Pfiupstpersias,
1085 1988 1131 2041 der
1159 1987 1250 2043 urban

162 2059 219 2113 mid
236 2058 344 2115 siurim
361 2077 398 2113 zu
413 2060 525 2130 parciter
542 2061 598 2116 Zeit
615 2079 679 2115 xuni
703 2060 861 2114 Ubersendeu
879 2077 928 2112 corr
948 2059 1109 2113 cesama
1127 2057 1220 2124 treihi).

230 2181 361 2236 Erudito
389 2187 421 2236 ot
447 2183 543 2236 leuno
570 2185 705 2244 mihique
732 2183 915 2234 amicissimo
943 2183 1026 2242 patri
1054 2182 1094 2232 Η.
1113 2181 1249 2242 Urbano,

255 2271 451 2329 procuratori
468 2269 643 2323 sodalitatis
660 2271 853 2332 Georgianao
871 2270 1029 2331 primario,
1046 2269 1090 2318 M.
1108 2265 1218 2318 Rufus.

231 2387 263 2451 S.
309 2388 448 2472 Spiritus
477 2391 606 2468 domiui,
642 2392 697 2472 qui
726 2390 825 2473 replet
855 2390 963 2453 urbem
988 2397 1139 2454 terrarum
1163 2389 1195 2450 et
1218 2391 1249 2450 te

132 2494 186 2556 pro
208 2496 266 2538 sua
289 2476 485 2560 benignitate
507 2478 683 2560 inspiravit,
706 2482 742 2542 ut
758 2477 904 2556 silvestri,
927 2476 981 2540 sed
1007 2482 1039 2539 et
1061 2495 1176 2556 magno
1192 2495 1250 2537 nos

135 2582 259 2624 munere
286 2563 429 2638 donares
459 2567 490 2627 et
523 2564 600 2629 milri
629 2565 674 2629 sic
703 2564 865 2646 aspiravit,
899 2572 935 2627 ut.
964 2563 1129 2638 novitium,
1152 2560 1249 2644 pium,

134 2646 258 2729 elegans
292 2649 517 2733 Wimphelingi
546 2673 626 2734 opus
655 2650 715 2715 tibi
742 2651 1000 2714 transmitterem.
1046 2649 1105 2712 Hic
1127 2653 1176 2711 est
1196 2645 1249 2710 ille

135 2733 208 2797 deus
231 2757 314 2798 mera
338 2738 454 2801 caritas
469 2737 493 2808 b,
517 2739 571 2819 qui
588 2739 695 2821 spirat,
716 2738 769 2801 ubi
788 2737 863 2811 vult,
887 2742 918 2800 et
936 2759 1038 2800 varam
1061 2743 1157 2816 atque
1180 2755 1249 2816 per-

135 2818 244 2884 fectam
261 2821 343 2885 inter
367 2824 515 2887 mortales
530 2825 700 2888 amicitiam
717 2835 729 2863 ⁰
748 2823 901 2896 instituit,
922 2823 973 2888 bic
988 2823 1118 2906 inquam
1136 2826 1183 2885 est
1198 2819 1250 2884 ille

136 2906 255 2971 divinus
288 2909 427 2987 afflatus,
461 2911 515 2992 qui
540 2932 594 2974 vos
618 2911 780 2992 religiosos
804 2910 947 2974 homines
978 2910 1143 2973 unanimes
1174 2906 1251 2970 facit
1277 2907 1281 2915 ’

137 2996 224 3075 atoue
252 2996 432 3073 concordes,
462 3018 516 3080 per
544 3019 637 3079 quem
666 2996 771 3061 nullus
802 3019 889 3060 amor
919 3018 982 3060 non
1010 2995 1163 3060 honestus
1190 2998 1248 3070 est,

139 3078 199 3142 siue
221 3080 310 3163 cujus
333 3083 512 3147 interventu
539 3083 624 3147 nulla
640 3089 688 3147 est
703 3086 825 3147 sincera
839 3083 854 3122 ‘¹
870 3083 1006 3147 dilectio.
1055 3081 1100 3144 De
1122 3080 1182 3143 hoc
1204 3080 1252 3143 in-

140 3165 336 3248 telligendum
361 3174 409 3233 est
432 3169 509 3233 illud
533 3171 702 3234 usitatum:
738 3171 823 3246 Quos
847 3172 924 3234 deus
946 3168 1123 3251 conjunxit,
1157 3166 1250 3231 homo

141 3271 195 3314 non
225 3261 358 3337 separat.
414 3255 459 3318 Re
490 3278 561 3320 rere
591 3279 648 3320 nos
671 3258 747 3320 deus
773 3255 822 3319 lric
845 3257 1020 3320 studiorum
1044 3253 1251 3318 similitudino

143 3344 169 3398 et
189 3341 382 3406 voluntatum
414 3343 623 3425 germanitate
655 3343 830 3424 conjunxit.
883 3341 1055 3406 Robustior
1083 3341 1251 3422 igiturest

145 3424 296 3520 apricitiac
314 3434 432 3498 nostra,
449 3428 604 3506 stabilior,
621 3430 758 3504 solidior,
775 3452 868 3511 quam
888 3435 920 3492 ut
938 3451 1004 3491 eam
1030 3427 1077 3489 vel
1100 3427 1251 3506 temporis

146 3507 414 3606 druturrritas⁰vel
445 3515 583 3578 locorum
620 3517 821 3598 intercapedo
858 3515 903 3578 rel
939 3513 1119 3597 scriptionis
1152 3513 1250 3575 iuter-

148 3598 238 3692 nussio
260 3601 425 3664 convellat.
483 3601 560 3665 Nam
596 3608 630 3665 ut
654 3603 778 3684 planius
804 3603 841 3665 de
872 3603 1048 3665 animorum
1074 3603 1251 3664 nostrorum

148 3678 296 3749 drrinitata
331 3688 548 3768 societateque
587 3687 705 3769 loquar,
744 3689 815 3771 quis
848 3688 978 3769 negabit
1012 3687 1060 3750 clei
1096 3684 1252 3768 spiraculo

150 3764 257 3844 lactum,
289 3781 323 3835 ut
360 3772 418 3835 hoc
442 3775 509 3855 ipso
534 3775 593 3847 die,
628 3797 690 3856 quo
715 3782 749 3837 tu
774 3775 946 3850 materiam,
975 3795 1033 3855 ego
1057 3772 1197 3835 libellum
1220 3775 1253 3833 et

152 3848 433 3922 literasdouarem?
477 3860 511 3922 ln
536 3859 604 3941 ipso
627 3861 781 3943 siquidem
819 3861 939 3940 itinere,
973 3882 1068 3942 quum
1104 3858 1253 3938 magister

152 3934 314 4020 Spoletinus
348 3952 379 4008 et
408 3968 483 4027 puer
514 3968 600 4009 meus
629 3947 819 4011 domesticus
844 3947 1033 4010 Benedictus
1058 3945 1190 4008 ltutinus
1213 3943 1251 4006 ad

154 4027 178 4084 tc
197 4030 468 4108 proficiscerentur,
492 4034 700 4096 occurrebant
716 4037 760 4096 eis
777 4034 943 4096 vectabulu
961 4042 1025 4102 tua,
1049 4053 1112 4112 qua
1128 4053 1159 4093 re
1176 4031 1253 4093 moti

156 4107 261 4208 (tornum
284 4124 366 4182 retro
390 4118 428 4180 ad
452 4141 511 4182 uos
527 4119 698 4182 abierunt!
745 4120 805 4196 Qui
822 4120 946 4199 quidem
965 4140 1113 4182 occursus
1130 4117 1254 4180 videtur

154 4197 211 4261 urbi
244 4225 369 4285 prorsus
401 4226 468 4268 esse
503 4205 628 4268 divinus
663 4213 694 4268 et
727 4207 780 4287 qui
817 4213 959 4269 mutuam
1001 4204 1252 4268 benevolentiam

151 4332 332 4351 s-——e-

202 4407 339 4473 ⁸utt'elrtt.
376 4408 525 4460 bcharitus.
563 4410 613 4461 cci
631 4414 662 4461 st.
681 4409 709 4462 ti.
747 4413 893 4476 dsyncera.
931 4408 1093 4461 ediurniras.

147 4534 152 4543 ,
204 4477 210 4506 ¹
227 4475 343 4544 Spalatru
362 4475 456 4541 wollte,
475 4487 544 4530 etwa
562 4478 694 4544 l‘fingsten
713 4479 788 4543 1505,
815 4495 865 4531 ron
885 4479 969 4531 tiotha
988 4495 1035 4530 aus
1053 4477 1128 4530 cinon
1148 4474 1252 4527 Besuch

145 4552 167 4592 ¹²
180 4541 347 4620 &minat
373 4546 492 4600 macheu.
528 4547 595 4600 Dass
621 4563 649 4599 er
666 4547 734 4600 noch
753 4547 826 4600 nicht
843 4548 901 4600 (tort
919 4547 957 4600 als
975 4547 1074 4602 Lehrer
1091 4544 1175 4612 thitig
1192 4559 1255 4614 war,

144 4613 232 4680 “globi
248 4614 291 4670 die
309 4614 506 4686 Vergleichung
523 4616 573 4669 mit
590 4617 650 4669 dem
668 4616 885 4686 vorangeheudeu
904 4616 998 4671 Brieto.
