2774 4966
134 616 199 684 224
553 608 641 667 Briete
659 603 706 668 dee
723 613 749 671 J.
769 611 843 671 1512

137 790 307 859 Bernardo.
354 787 416 851 Sed
451 786 638 850 omittamus
670 786 807 866 elogium
843 790 876 850 et
908 785 1043 868 praefari
1075 786 1274 868 desinamus,

137 879 266 945 tametsi
289 896 352 938 non
376 875 443 936 sine
467 871 632 953 voluptate
663 893 771 934 verum
795 872 833 934 de
855 873 967 935 amicis
989 876 1058 936 tum
1080 873 1179 937 audio
1201 878 1274 939 tum

136 965 249 1029 scribe.
269 959 378 1041 „Quod
391 958 501 1032 instat,
514 955 691 1037 aganrus.“¹
719 955 878 1019 Utendum
895 957 956 1019 erit
972 958 1057 1020 notis
1074 957 1274 1023 dictionibus

136 1053 214 1114 etin
231 1047 299 1110 foro
321 1044 444 1106 detritis
468 1042 623 1105 claritatis
646 1063 750 1104 causa.
792 1042 909 1105 Vitium
926 1043 1010 1105 enim
1027 1041 1075 1104 vel
1094 1044 1271 1109 maximum

136 1142 184 1199 est
219 1130 407 1196 obscuritas.
465 1127 624 1189 Alienatio
661 1127 796 1189 lrotiana
835 1126 945 1190 fraude
978 1131 1012 1190 et
1044 1127 1172 1192 insidiis
1205 1149 1270 1193 non

137 1225 238 1293 vacat,
273 1215 409 1296 imponit
439 1213 565 1274 senatui
589 1217 621 1274 et
640 1212 740 1291 judici
772 1211 932 1276 ordinario
955 1219 988 1277 et
1011 1213 1088 1275 mihi
1122 1235 1269 1296 qnoque:

137 1304 271 1370 senatui¹
305 1299 390 1381 quod
414 1298 494 1360 falso
517 1298 675 1378 persuasit
698 1319 731 1359 se
755 1298 867 1359 offerre
896 1297 1085 1378 signandam
1119 1319 1270 1380 praesen·

136 1392 290 1455 tationem
313 1388 381 1467 jure
406 1380 673 1463 permutationis.²
719 1381 786 1445 Hoc
802 1383 970 1447 audientes
992 1383 1153 1446 tacebant.
1192 1382 1270 1449 Mox

136 1469 304 1556 Brengbir³
343 1472 388 1532 ita
424 1469 564 1531 censuit:
606 1467 707 1548 „Quid
745 1469 958 1531 cunctamur?
1003 1468 1270 1534 Permutantibns

137 1583 231 1643 saepe
258 1556 438 1621 annuimus.
485 1553 554 1615 Non
579 1558 627 1615 est.
649 1575 777 1615 norum.
826 1553 969 1616 Mutiano
993 1575 1056 1617 non
1080 1554 1117 1616 tit
1139 1554 1267 1636 inJ'uria.

138 1646 229 1723 Quod
252 1641 465 1726 promisimus,
490 1639 632 1700 illaesum
658 1644 825 1718 ratumque
855 1639 1044 1713 servabitur,
1074 1660 1146 1700 cum
1177 1639 1269 1704 locus

136 1725 324 1796 vacaverit.“
373 1723 446 1787 Sive
470 1746 488 1786 a
511 1721 630 1785 Cotilo‘
665 1723 860 1785 subornatus
892 1724 959 1786 sive
989 1746 1048 1787 sna
1077 1730 1192 1806 sponte
1222 1726 1269 1789 sic

136 1817 261 1890 dixerit,
296 1814 461 1875 incertum.
509 1809 593 1871 Haec
630 1809 790 1871 sententia
826 1813 931 1889 patres
960 1831 997 1871 eo
1028 1808 1207 1879 inclinavit,
1232 1816 1269 1874 ut

136 1925 198 1966 non
233 1896 425 1962 intellectam
466 1893 547 1957 Lotii
586 1894 775 1973 scripturam
813 1895 987 1973 signarent.
1043 1894 1117 1957 Ideo
1156 1899 1266 1960 autem

134 1986 269 2068 simplex
293 1988 341 2045 est
365 1980 590 2062 praesentatm,
616 1984 651 2041 ut
674 1978 793 2041 curiam
824 1980 1046 2060 Mogentinam
1068 1979 1138 2060 jure
1161 1986 1268 2045 trans·

134 2070 303 2157 positionis
342 2066 509 2130 defraudet
546 2070 579 2126 et
616 2070 706 2126 extra
750 2065 870 2142 regiam
909 2065 992 2127 viam
1031 2067 1265 2145 possessionem

135 2158 280 2240 acquirat
303 2175 356 2234 per
378 2151 615 2213 institutionem
638 2149 808 2226 officialis?
838 2150 922 2231 qnod
945 2150 1049 2212 edicto
1080 2171 1162 2213 novo
1195 2173 1267 2234 pro-

136 2245 272 2308 hibitum
308 2244 356 2301 est
390 2237 449 2298 sub
485 2236 603 2298 mulcta
637 2234 691 2296 LX
725 2235 923 2298 florenorum.
970 2234 1013 2298 Ut
1046 2237 1267 2317 autemmilri

138 2351 224 2411 spem
249 2325 382 2395 auferat,
407 2321 486 2383 clam
512 2323 590 2401 agit,
614 2327 649 2383 ut
673 2320 800 2383 tandem
826 2321 966 2383 dicatur:
999 2319 1088 2401 „Non
1120 2321 1267 2401 vigilavit

135 2415 307 2478 Mutianue.
356 2409 562 2487 [designatum
588 2406 775 2469 beneficium
794 2408 929 2474 vacavit.
948 2428 1064 2468 vacans
1081 2427 1144 2468 non
1162 2409 1266 2487 petiit.

139 2501 249 2564 Testes
272 2501 346 2558 sunt
371 2495 479 2555 literae
503 2493 658 2572 signatae,
682 2513 815 2572 quarum
840 2491 997 2573 praesidio
1022 2491 1135 2554 Lotius
1165 2492 1267 2558 Paulo

135 2582 317 2651 successit.“
365 2577 522 2658 Agnoscis
551 2577 766 2639 insidiatorem
797 2576 1133 2639 fraudulentissimum.
1181 2577 1267 2642 Reli·

134 2691 232 2755 quum
256 2674 313 2742 est,
338 2670 374 2727 nt
396 2664 480 2726 hunc
512 2663 660 2724 nuntium
689 2683 759 2723 eum
790 2662 919 2724 oraculo
950 2659 1090 2743 patroni⁶
1113 2668 1145 2724 te
1169 2663 1268 2727 inter-

135 2763 222 2842 prete
246 2755 398 2816 remittas.
445 2748 507 2810 Sed
532 2747 657 2809 inelude
682 2746 790 2822 literis,
815 2768 896 2826 quae
919 2769 989 2809 mea
1012 2748 1164 2810 interesse
1181 2749 1267 2813 arbi·

132 2839 308 2907 trahimini.
355 2835 437 2897 Vale.

287 2936 348 2990 cod.
368 2934 433 2987 Frel.
454 2932 511 2987 sos.

133 3129 248 3200 (norm.)
663 3104 732 3165 175.
1040 3118 1080 3172 21.
1100 3120 1168 3186 Aug.
1190 3121 1265 3174 1512.

462 3231 605 3300 ltntian
629 3251 676 3298 an
700 3229 925 3298 lliusardus.⁷

130 3372 257 3439 (Erneute
284 3366 360 3418 Bilta
388 3365 435 3415 ‘idn
465 3360 537 3413 nieht
563 3360 613 3411 mir
629 3359 761 3491 (gallim
777 3376 813 3410 su
832 3358 995 3410 nselmum.
1032 3357 1124 3408 &ridet
1151 3357 1267 3410 Halteres

499 3546 539 3594 Η.
557 3543 707 3594 Mussrdo
725 3544 768 3592 Μ.
786 3540 897 3592 Rufus.

235 3662 266 3726 S.
304 3660 398 3742 „Esse
422 3657 498 3737 quid
522 3657 581 3718 hoe
604 3651 753 3727 dicani“‚⁸
777 3650 924 3714 Musarde
948 3647 1079 3711 noster?
1124 3646 1264 3712 Professi

130 3756 206 3816 sunt
244 3753 319 3810 ante
354 3750 385 3806 te
416 3743 524 3806 literas
564 3742 725 3822 politiores
758 3739 787 3798 in
821 3735 973 3799 coenobio
1007 3732 1197 3814 Spalatinns
1232 3739 1264 3796 et

132 3834 342 3901 Herebordus,
363 3831 496 3910 juvenes
518 3827 697 3907 exquisitae
721 3824 876 3897 lectionis,
894 3841 1066 3900 generosae
1082 3817 1263 3893 facundiae,

131 3921 329 3986 suavissimis
354 3915 504 3985 moribus
528 3914 582 3993 qni
605 3934 653 3973 me
671 3911 720 3991 pia
739 3907 960 3971 benevolentia
975 3904 1262 3986 prosequebantnr,

131 4030 211 4089 qnae
235 4006 328 4066 etiam
355 4002 446 4063 urtice
475 4000 556 4059 colui
586 4003 682 4077 atque
718 3994 846 4070 ditem
870 3991 932 4054 Sed
968 3996 1078 4053 neuter
1112 4011 1163 4051 ine
1200 3989 1262 4051 sibi

132 4100 224 4157 tanta
256 4088 457 4156 liberalitate,
496 4090 545 4146 tot
578 4082 721 4143 olisnniis
762 4080 959 4152 devinxerat,
994 4075 1261 4157 quemadmodum

131 4187 166 4242 tn
191 4180 273 4241 intra
297 4194 414 4257 pancos
438 4192 561 4232 menses
592 4168 709 4249 quibus
739 4165 856 4227 coaluit.
879 4169 910 4224 et
933 4162 972 4224 ad
996 4181 1156 4223 summum
1191 4181 1261 4240 per-

127 4298 320 4308 —ae

199 4351 205 4379 ¹
226 4345 322 4410 Vergil.
344 4342 397 4394 Eel.
418 4340 464 4394 tx.
478 4343 519 4391 1111.
573 4325 665 4389 ²tinee
684 4336 756 4386 diese
774 4332 964 4397 l'erlrandlung
982 4346 1024 4383 arn
1046 4329 1085 4382 10.
1097 4331 1164 4395 Aug.
1183 4345 1204 4382 s.
1218 4325 1259 4380 Br.

132 4417 186 4468 li‘2.
242 4416 293 4466 ³8.
314 4411 364 4463 :¹92
385 4415 412 4463 .t.
432 4413 455 4463 -1,
511 4407 636 4460 ‘lartius
664 4404 710 4456 llit
729 4402 828 4454 t'otilns
848 4402 970 4470 (κωτίλω)
989 4399 1027 4451 als
1045 4397 1198 4450 sennaser·
1216 4396 1260 4448 te·

130 4485 255 4537 zetelrnet.
275 4486 299 4534 S.
319 4483 352 4530 tls*
372 4484 401 4531 ,1.
421 4482 444 4532 :t
516 4480 526 4507 ¹³
544 4476 632 4528 linrelr
652 4475 701 4524 dtu
724 4470 825 4523 (lllizinl
852 4471 923 4521 tratte
942 4485 971 4520 er
993 4467 1050 4519 sich
1075 4466 1118 4517 dio
1143 4464 1260 4517 Plriindc

128 4553 299 4605 zrrselneilren
324 4550 416 4601 lassu.
447 4547 502 4614 i'gl.
528 4546 568 4597 in.
592 4546 646 4595 litt.
721 4538 937 4603 esurrrrren'nge.
963 4538 1057 4589 dessen
1082 4532 1205 4587 »Orakek
1224 4533 1258 4584 ll.

135 4619 249 4674 einlrolen
269 4619 362 4671 sollte.
418 4618 426 4648 ³
445 4619 470 4669 S.
490 4616 540 4666 212
560 4618 588 4665 ,1.
608 4617 632 4664 ti.
684 4608 787 4661 l(trid.
807 4609 895 4658 Arnor.
919 4605 939 4669 1,
958 4606 982 4667 2,
1003 4606 1025 4658 1.
