<?xml version="1.0" encoding="UTF-8"?>
<!DOCTYPE html PUBLIC "-//W3C//DTD XHTML 1.0 Transitional//EN"
    "http://www.w3.org/TR/xhtml1/DTD/xhtml1-transitional.dtd">
<html xmlns="http://www.w3.org/1999/xhtml" xml:lang="en" lang="en">
 <head>
  <title>
</title>
<meta http-equiv="Content-Type" content="text/html;charset=utf-8" />
  <meta name='ocr-system' content='tesseract 3.04.00' />
  <meta name='ocr-capabilities' content='ocr_page ocr_carea ocr_par ocr_line ocrx_word'/>
</head>
<body>
  <div class='ocr_page' id='page_1' title='image "./derbriefwechsel00kraugoog_0687.png"; bbox 0 0 2774 4966; ppageno 0'>
   <div class='ocr_carea' id='block_1_1' title="bbox 129 589 1096 670">
    <p class='ocr_par' dir='ltr' id='par_1_1' title="bbox 129 589 1096 670">
     <span class='ocr_line' id='line_1_1' title="bbox 129 589 1096 670; baseline 0.002 -13"><span class='ocrx_word' id='word_1_1' title='bbox 129 605 193 670; x_wconf 83' lang='lat'><strong>600</strong></span> <span class='ocrx_word' id='word_1_2' title='bbox 357 605 510 660; x_wconf 85' lang='lat' dir='ltr'><strong>Zerstreute</strong></span> <span class='ocrx_word' id='word_1_3' title='bbox 528 606 617 662; x_wconf 85' lang='lat' dir='ltr'><strong>Brier&#39;e</strong></span> <span class='ocrx_word' id='word_1_4' title='bbox 635 621 683 661; x_wconf 88' lang='lat' dir='ltr'><strong>aus</strong></span> <span class='ocrx_word' id='word_1_5' title='bbox 702 604 908 660; x_wconf 81' lang='lat' dir='ltr'><strong>verschiedeuen</strong></span> <span class='ocrx_word' id='word_1_6' title='bbox 927 605 1028 660; x_wconf 83' lang='lat' dir='ltr'><strong>Zeiten.</strong></span> <span class='ocrx_word' id='word_1_7' title='bbox 1092 589 1096 597; x_wconf 46' lang='lat'><strong><em>⁹</em></strong></span> 
     </span>
    </p>
   </div>
   <div class='ocr_carea' id='block_1_2' title="bbox 210 773 1274 2480">
    <p class='ocr_par' dir='ltr' id='par_1_2' title="bbox 210 773 1274 2480">
     <span class='ocr_line' id='line_1_2' title="bbox 219 773 1112 858; baseline -0.001 -19"><span class='ocrx_word' id='word_1_8' title='bbox 219 776 287 840; x_wconf 86' lang='lat' dir='ltr'><strong>Non</strong></span> <span class='ocrx_word' id='word_1_9' title='bbox 312 776 414 858; x_wconf 90' lang='lat' dir='ltr'><strong>pudor</strong></span> <span class='ocrx_word' id='word_1_10' title='bbox 437 781 486 840; x_wconf 89' lang='lat' dir='ltr'><strong>est</strong></span> <span class='ocrx_word' id='word_1_11' title='bbox 508 777 606 842; x_wconf 88' lang='lat' dir='ltr'><strong>sacris</strong></span> <span class='ocrx_word' id='word_1_12' title='bbox 630 775 757 858; x_wconf 83' lang='lat' dir='ltr'><strong>Solymo</strong></span> <span class='ocrx_word' id='word_1_13' title='bbox 782 779 934 840; x_wconf 84' lang='lat' dir='ltr'><strong>cantante</strong></span> <span class='ocrx_word' id='word_1_14' title='bbox 956 773 1112 858; x_wconf 87' lang='lat' dir='ltr'><strong>propheta</strong></span> 
     </span>
     <span class='ocr_line' id='line_1_3' title="bbox 258 861 1010 945; baseline 0.001 -22"><span class='ocrx_word' id='word_1_15' title='bbox 258 861 391 945; x_wconf 84' lang='lat' dir='ltr'><strong>psallere</strong></span> <span class='ocrx_word' id='word_1_16' title='bbox 415 862 598 926; x_wconf 86' lang='lat' dir='ltr'><strong>dulcisonos</strong></span> <span class='ocrx_word' id='word_1_17' title='bbox 621 883 698 926; x_wconf 85' lang='lat' dir='ltr'><strong>voce</strong></span> <span class='ocrx_word' id='word_1_18' title='bbox 721 861 866 943; x_wconf 89' lang='lat' dir='ltr'><strong>chelique</strong></span> <span class='ocrx_word' id='word_1_19' title='bbox 888 861 1010 925; x_wconf 88' lang='lat' dir='ltr'><strong>modos.</strong></span> 
     </span>
     <span class='ocr_line' id='line_1_4' title="bbox 216 945 1060 1029; baseline 0 -19"><span class='ocrx_word' id='word_1_20' title='bbox 216 947 415 1029; x_wconf 79' lang='lat' dir='ltr'><strong>Pythagoras</strong></span> <span class='ocrx_word' id='word_1_21' title='bbox 438 946 566 1024; x_wconf 88' lang='lat' dir='ltr'><strong>fidibus,</strong></span> <span class='ocrx_word' id='word_1_22' title='bbox 590 947 695 1011; x_wconf 85' lang='lat' dir='ltr'><strong>nervis</strong></span> <span class='ocrx_word' id='word_1_23' title='bbox 719 947 780 1011; x_wconf 86' lang='lat' dir='ltr'><strong>scit</strong></span> <span class='ocrx_word' id='word_1_24' title='bbox 803 949 914 1010; x_wconf 85' lang='lat' dir='ltr'><strong>cantor</strong></span> <span class='ocrx_word' id='word_1_25' title='bbox 936 945 1060 1029; x_wconf 84' lang='lat' dir='ltr'><strong>Apelle,</strong></span> 
     </span>
     <span class='ocr_line' id='line_1_5' title="bbox 260 1030 902 1114; baseline -0.003 -18"><span class='ocrx_word' id='word_1_26' title='bbox 260 1033 426 1114; x_wconf 88' lang='lat' dir='ltr'><strong>vocalique</strong></span> <span class='ocrx_word' id='word_1_27' title='bbox 448 1033 528 1097; x_wconf 88' lang='lat' dir='ltr'><strong>Lino</strong></span> <span class='ocrx_word' id='word_1_28' title='bbox 551 1032 670 1097; x_wconf 91' lang='lat' dir='ltr'><strong>chorda</strong></span> <span class='ocrx_word' id='word_1_29' title='bbox 693 1053 810 1096; x_wconf 91' lang='lat' dir='ltr'><strong>canora</strong></span> <span class='ocrx_word' id='word_1_30' title='bbox 831 1030 902 1095; x_wconf 83' lang='lat' dir='ltr'><strong>fuit.</strong></span> 
     </span>
     <span class='ocr_line' id='line_1_6' title="bbox 218 1114 1165 1200; baseline -0.001 -19"><span class='ocrx_word' id='word_1_31' title='bbox 218 1117 384 1200; x_wconf 81' lang='lat' dir='ltr'><strong>Tympana</strong></span> <span class='ocrx_word' id='word_1_32' title='bbox 405 1123 481 1181; x_wconf 90' lang='lat' dir='ltr'><strong>sunt</strong></span> <span class='ocrx_word' id='word_1_33' title='bbox 504 1117 614 1196; x_wconf 89' lang='lat' dir='ltr'><strong>Gallis,</strong></span> <span class='ocrx_word' id='word_1_34' title='bbox 639 1122 728 1182; x_wconf 87' lang='lat' dir='ltr'><strong>tenet</strong></span> <span class='ocrx_word' id='word_1_35' title='bbox 751 1122 782 1181; x_wconf 93' lang='lat' dir='ltr'><strong>et</strong></span> <span class='ocrx_word' id='word_1_36' title='bbox 805 1139 863 1181; x_wconf 90' lang='lat' dir='ltr'><strong>sua</strong></span> <span class='ocrx_word' id='word_1_37' title='bbox 886 1114 984 1180; x_wconf 88' lang='lat' dir='ltr'><strong>naula</strong></span> <span class='ocrx_word' id='word_1_38' title='bbox 1007 1116 1165 1196; x_wconf 80' lang='lat' dir='ltr'><strong>sacerdos,</strong></span> 
     </span>
     <span class='ocr_line' id='line_1_7' title="bbox 260 1202 1008 1287; baseline -0.003 -22"><span class='ocrx_word' id='word_1_39' title='bbox 260 1203 315 1286; x_wconf 92' lang='lat' dir='ltr'><strong>qui</strong></span> <span class='ocrx_word' id='word_1_40' title='bbox 339 1203 417 1266; x_wconf 87' lang='lat' dir='ltr'><strong>boat</strong></span> <span class='ocrx_word' id='word_1_41' title='bbox 438 1205 471 1267; x_wconf 92' lang='lat' dir='ltr'><strong>in</strong></span> <span class='ocrx_word' id='word_1_42' title='bbox 494 1204 632 1287; x_wconf 84' lang='lat' dir='ltr'><strong>templis,</strong></span> <span class='ocrx_word' id='word_1_43' title='bbox 657 1202 782 1267; x_wconf 89' lang='lat' dir='ltr'><strong>Christe</strong></span> <span class='ocrx_word' id='word_1_44' title='bbox 806 1203 908 1278; x_wconf 86' lang='lat' dir='ltr'><strong>beate,</strong></span> <span class='ocrx_word' id='word_1_45' title='bbox 932 1202 1008 1264; x_wconf 89' lang='lat' dir='ltr'><strong>tuis.</strong></span> 
     </span>
     <span class='ocr_line' id='line_1_8' title="bbox 219 1287 1012 1369; baseline -0.003 -17"><span class='ocrx_word' id='word_1_46' title='bbox 219 1289 335 1352; x_wconf 79' lang='lat' dir='ltr'>Codice</span> <span class='ocrx_word' id='word_1_47' title='bbox 357 1289 502 1369; x_wconf 81' lang='lat' dir='ltr'><strong>legitimo</strong></span> <span class='ocrx_word' id='word_1_48' title='bbox 525 1288 617 1352; x_wconf 90' lang='lat' dir='ltr'><strong>Plato</strong></span> <span class='ocrx_word' id='word_1_49' title='bbox 640 1309 699 1352; x_wconf 88' lang='lat' dir='ltr'><strong>nos</strong></span> <span class='ocrx_word' id='word_1_50' title='bbox 722 1291 850 1351; x_wconf 90' lang='lat' dir='ltr'><strong>cantare</strong></span> <span class='ocrx_word' id='word_1_51' title='bbox 873 1287 1012 1351; x_wconf 88' lang='lat' dir='ltr'><strong>secundo</strong></span> 
     </span>
     <span class='ocr_line' id='line_1_9' title="bbox 258 1373 981 1455; baseline -0.004 -18"><span class='ocrx_word' id='word_1_52' title='bbox 258 1374 356 1455; x_wconf 87' lang='lat' dir='ltr'><strong>jussit</strong></span> <span class='ocrx_word' id='word_1_53' title='bbox 379 1380 411 1436; x_wconf 91' lang='lat' dir='ltr'><strong>et</strong></span> <span class='ocrx_word' id='word_1_54' title='bbox 433 1380 481 1437; x_wconf 88' lang='lat' dir='ltr'><strong>est</strong></span> <span class='ocrx_word' id='word_1_55' title='bbox 504 1375 587 1438; x_wconf 87' lang='lat' dir='ltr'><strong>tanti</strong></span> <span class='ocrx_word' id='word_1_56' title='bbox 611 1374 662 1437; x_wconf 88' lang='lat' dir='ltr'><strong>lex</strong></span> <span class='ocrx_word' id='word_1_57' title='bbox 685 1374 865 1436; x_wconf 84' lang='lat' dir='ltr'><strong>veneranda</strong></span> <span class='ocrx_word' id='word_1_58' title='bbox 888 1373 981 1436; x_wconf 84' lang='lat' dir='ltr'><strong>senis.</strong></span> 
     </span>
     <span class='ocr_line' id='line_1_10' title="bbox 220 1455 1101 1539; baseline -0.003 -17"><span class='ocrx_word' id='word_1_59' title='bbox 220 1461 387 1522; x_wconf 86' lang='lat' dir='ltr'><strong>Praeterea</strong></span> <span class='ocrx_word' id='word_1_60' title='bbox 409 1465 522 1522; x_wconf 83' lang='lat' dir='ltr'><strong>sancta</strong></span> <span class='ocrx_word' id='word_1_61' title='bbox 545 1463 594 1523; x_wconf 88' lang='lat' dir='ltr'><strong>est</strong></span> <span class='ocrx_word' id='word_1_62' title='bbox 616 1458 770 1522; x_wconf 85' lang='lat' dir='ltr'><strong>citharam</strong></span> <span class='ocrx_word' id='word_1_63' title='bbox 795 1459 920 1539; x_wconf 86' lang='lat' dir='ltr'><strong>pulsare</strong></span> <span class='ocrx_word' id='word_1_64' title='bbox 943 1455 1101 1539; x_wconf 86' lang='lat' dir='ltr'><strong>voluptas,</strong></span> 
     </span>
     <span class='ocr_line' id='line_1_11' title="bbox 264 1543 1007 1608; baseline -0.001 -3"><span class='ocrx_word' id='word_1_65' title='bbox 264 1565 321 1605; x_wconf 90' lang='lat' dir='ltr'><strong>nec</strong></span> <span class='ocrx_word' id='word_1_66' title='bbox 344 1544 510 1607; x_wconf 89' lang='lat' dir='ltr'><strong>minimum</strong></span> <span class='ocrx_word' id='word_1_67' title='bbox 533 1545 631 1607; x_wconf 86' lang='lat' dir='ltr'><strong>flandi</strong></span> <span class='ocrx_word' id='word_1_68' title='bbox 655 1566 774 1608; x_wconf 90' lang='lat' dir='ltr'><strong>cornua</strong></span> <span class='ocrx_word' id='word_1_69' title='bbox 796 1545 878 1606; x_wconf 88' lang='lat' dir='ltr'><strong>flexa</strong></span> <span class='ocrx_word' id='word_1_70' title='bbox 902 1543 1007 1606; x_wconf 92' lang='lat' dir='ltr'><strong>dacus.</strong></span> 
     </span>
     <span class='ocr_line' id='line_1_12' title="bbox 210 1627 1110 1709; baseline -0.002 -17"><span class='ocrx_word' id='word_1_71' title='bbox 210 1628 282 1692; x_wconf 80' lang='lat' dir='ltr'><strong>sed</strong></span> <span class='ocrx_word' id='word_1_72' title='bbox 307 1634 414 1691; x_wconf 88' lang='lat' dir='ltr'><strong>tamen</strong></span> <span class='ocrx_word' id='word_1_73' title='bbox 437 1629 566 1693; x_wconf 85' lang='lat' dir='ltr'><strong>excellit</strong></span> <span class='ocrx_word' id='word_1_74' title='bbox 589 1629 675 1693; x_wconf 88' lang='lat' dir='ltr'><strong>vocis</strong></span> <span class='ocrx_word' id='word_1_75' title='bbox 699 1650 795 1692; x_wconf 88' lang='lat' dir='ltr'><strong>canor</strong></span> <span class='ocrx_word' id='word_1_76' title='bbox 818 1649 939 1709; x_wconf 81' lang='lat' dir='ltr'><strong>organa</strong></span> <span class='ocrx_word' id='word_1_77' title='bbox 961 1627 1110 1706; x_wconf 86' lang='lat' dir='ltr'><strong>dextrae;</strong></span> 
     </span>
     <span class='ocr_line' id='line_1_13' title="bbox 266 1712 1019 1792; baseline -0.001 -16"><span class='ocrx_word' id='word_1_78' title='bbox 266 1712 322 1777; x_wconf 91' lang='lat' dir='ltr'><strong>illa</strong></span> <span class='ocrx_word' id='word_1_79' title='bbox 344 1734 440 1778; x_wconf 87' lang='lat' dir='ltr'><strong>sonos</strong></span> <span class='ocrx_word' id='word_1_80' title='bbox 463 1718 600 1792; x_wconf 86' lang='lat' dir='ltr'><strong>tantum,</strong></span> <span class='ocrx_word' id='word_1_81' title='bbox 624 1735 687 1778; x_wconf 85' lang='lat' dir='ltr'><strong>vox</strong></span> <span class='ocrx_word' id='word_1_82' title='bbox 710 1719 780 1777; x_wconf 88' lang='lat' dir='ltr'><strong>rata</strong></span> <span class='ocrx_word' id='word_1_83' title='bbox 803 1714 900 1776; x_wconf 86' lang='lat' dir='ltr'><strong>verba</strong></span> <span class='ocrx_word' id='word_1_84' title='bbox 922 1719 1019 1776; x_wconf 87' lang='lat' dir='ltr'><strong>creat.</strong></span> 
     </span>
     <span class='ocr_line' id='line_1_14' title="bbox 221 1799 971 1883; baseline -0.004 -19"><span class='ocrx_word' id='word_1_85' title='bbox 221 1799 333 1878; x_wconf 81' lang='lat' dir='ltr'><strong>Gratia</strong></span> <span class='ocrx_word' id='word_1_86' title='bbox 355 1799 554 1876; x_wconf 86' lang='lat' dir='ltr'><strong>Nocticano,¹</strong></span> <span class='ocrx_word' id='word_1_87' title='bbox 581 1801 671 1881; x_wconf 87' lang='lat' dir='ltr'><strong>cnjus</strong></span> <span class='ocrx_word' id='word_1_88' title='bbox 693 1800 851 1883; x_wconf 74' lang='lat' dir='ltr'><strong>sapientia</strong></span> <span class='ocrx_word' id='word_1_89' title='bbox 873 1799 971 1863; x_wconf 92' lang='lat' dir='ltr'><strong>mutis</strong></span> 
     </span>
     <span class='ocr_line' id='line_1_15' title="bbox 265 1884 1018 1961; baseline -0.001 -13"><span class='ocrx_word' id='word_1_90' title='bbox 265 1884 409 1949; x_wconf 83' lang='lat' dir='ltr'><strong>clavibus</strong></span> <span class='ocrx_word' id='word_1_91' title='bbox 432 1885 485 1949; x_wconf 91' lang='lat' dir='ltr'><strong>hic</strong></span> <span class='ocrx_word' id='word_1_92' title='bbox 506 1890 626 1949; x_wconf 83' lang='lat' dir='ltr'><strong>reserat</strong></span> <span class='ocrx_word' id='word_1_93' title='bbox 648 1885 769 1948; x_wconf 89' lang='lat' dir='ltr'><strong>musica</strong></span> <span class='ocrx_word' id='word_1_94' title='bbox 794 1890 880 1948; x_wconf 90' lang='lat' dir='ltr'><strong>tecta</strong></span> <span class='ocrx_word' id='word_1_95' title='bbox 903 1884 1018 1961; x_wconf 86' lang='lat' dir='ltr'><strong>choris,</strong></span> 
     </span>
     <span class='ocr_line' id='line_1_16' title="bbox 223 1969 1070 2053; baseline 0 -20"><span class='ocrx_word' id='word_1_96' title='bbox 223 1972 318 2053; x_wconf 89' lang='lat' dir='ltr'><strong>inque</strong></span> <span class='ocrx_word' id='word_1_97' title='bbox 341 1972 410 2050; x_wconf 87' lang='lat' dir='ltr'><strong>pios</strong></span> <span class='ocrx_word' id='word_1_98' title='bbox 433 1969 573 2034; x_wconf 88' lang='lat' dir='ltr'><strong>humana</strong></span> <span class='ocrx_word' id='word_1_99' title='bbox 595 1969 726 2034; x_wconf 85' lang='lat' dir='ltr'><strong>trahens</strong></span> <span class='ocrx_word' id='word_1_100' title='bbox 749 1970 933 2052; x_wconf 86' lang='lat' dir='ltr'><strong>praecordia</strong></span> <span class='ocrx_word' id='word_1_101' title='bbox 955 1973 1070 2034; x_wconf 86' lang='lat' dir='ltr'><strong>cantus</strong></span> 
     </span>
     <span class='ocr_line' id='line_1_17' title="bbox 264 2054 1014 2136; baseline -0.001 -17"><span class='ocrx_word' id='word_1_102' title='bbox 264 2055 471 2119; x_wconf 82' lang='lat' dir='ltr'><strong>multisonam</strong></span> <span class='ocrx_word' id='word_1_103' title='bbox 496 2055 634 2120; x_wconf 89' lang='lat' dir='ltr'><strong>breviter</strong></span> <span class='ocrx_word' id='word_1_104' title='bbox 656 2059 807 2136; x_wconf 91' lang='lat' dir='ltr'><strong>personat</strong></span> <span class='ocrx_word' id='word_1_105' title='bbox 828 2076 881 2119; x_wconf 90' lang='lat' dir='ltr'><strong>ore</strong></span> <span class='ocrx_word' id='word_1_106' title='bbox 904 2054 1014 2118; x_wconf 90' lang='lat' dir='ltr'><strong>melos.</strong></span> 
     </span>
     <span class='ocr_line' id='line_1_18' title="bbox 221 2140 1030 2224; baseline -0.001 -20"><span class='ocrx_word' id='word_1_107' title='bbox 221 2140 287 2205; x_wconf 89' lang='lat' dir='ltr'><strong>Nec</strong></span> <span class='ocrx_word' id='word_1_108' title='bbox 309 2142 388 2205; x_wconf 88' lang='lat' dir='ltr'><strong>satis</strong></span> <span class='ocrx_word' id='word_1_109' title='bbox 409 2141 542 2206; x_wconf 83' lang='lat' dir='ltr'><strong>alternis</strong></span> <span class='ocrx_word' id='word_1_110' title='bbox 566 2141 705 2224; x_wconf 88' lang='lat' dir='ltr'><strong>psalmos</strong></span> <span class='ocrx_word' id='word_1_111' title='bbox 728 2142 869 2217; x_wconf 87' lang='lat' dir='ltr'><strong>recitare,</strong></span> <span class='ocrx_word' id='word_1_112' title='bbox 893 2140 1030 2204; x_wconf 82' lang='lat' dir='ltr'><strong>furorem</strong></span> 
     </span>
     <span class='ocr_line' id='line_1_19' title="bbox 264 2226 957 2292; baseline -0.003 -2"><span class='ocrx_word' id='word_1_113' title='bbox 264 2227 404 2290; x_wconf 89' lang='lat' dir='ltr'><strong>carmine</strong></span> <span class='ocrx_word' id='word_1_114' title='bbox 427 2227 569 2292; x_wconf 88' lang='lat' dir='ltr'><strong>divinum</strong></span> <span class='ocrx_word' id='word_1_115' title='bbox 592 2249 655 2290; x_wconf 91' lang='lat' dir='ltr'><strong>non</strong></span> <span class='ocrx_word' id='word_1_116' title='bbox 679 2228 747 2290; x_wconf 90' lang='lat' dir='ltr'><strong>sine</strong></span> <span class='ocrx_word' id='word_1_117' title='bbox 769 2227 863 2292; x_wconf 88' lang='lat' dir='ltr'><strong>laude</strong></span> <span class='ocrx_word' id='word_1_118' title='bbox 886 2226 957 2289; x_wconf 89' lang='lat' dir='ltr'><strong>ciet.</strong></span> 
     </span>
     <span class='ocr_line' id='line_1_20' title="bbox 886 2307 1162 2392; baseline -0.014 -18"><span class='ocrx_word' id='word_1_119' title='bbox 886 2307 1162 2392; x_wconf 82' lang='lat' dir='ltr'><strong>Extemporaliter.</strong></span> 
     </span>
     <span class='ocr_line' id='line_1_21' title="bbox 242 2391 1274 2480; baseline -0.007 -19"><span class='ocrx_word' id='word_1_120' title='bbox 242 2396 374 2461; x_wconf 89' lang='lat' dir='ltr'><strong>Catonis</strong></span> <span class='ocrx_word' id='word_1_121' title='bbox 397 2398 588 2461; x_wconf 84' lang='lat' dir='ltr'><strong>severissimi</strong></span> <span class='ocrx_word' id='word_1_122' title='bbox 613 2397 706 2462; x_wconf 89' lang='lat' dir='ltr'><strong>nimis</strong></span> <span class='ocrx_word' id='word_1_123' title='bbox 729 2419 872 2480; x_wconf 83' lang='lat' dir='ltr'><strong>asperam</strong></span> <span class='ocrx_word' id='word_1_124' title='bbox 894 2396 1087 2461; x_wconf 84' lang='lat' dir='ltr'><strong>sententiam</strong></span> <span class='ocrx_word' id='word_1_125' title='bbox 1104 2394 1142 2459; x_wconf 92' lang='lat' dir='ltr'><strong>de</strong></span> <span class='ocrx_word' id='word_1_126' title='bbox 1158 2391 1274 2476; x_wconf 90' lang='lat' dir='ltr'><strong>puellis</strong></span> 
     </span>
    </p>
   </div>
   <div class='ocr_carea' id='block_1_3' title="bbox 140 2476 1361 3145">
    <p class='ocr_par' dir='ltr' id='par_1_3' title="bbox 140 2476 1361 3145">
     <span class='ocr_line' id='line_1_22' title="bbox 141 2476 1274 2565; baseline -0.005 -21"><span class='ocrx_word' id='word_1_127' title='bbox 141 2481 251 2546; x_wconf 89' lang='lat' dir='ltr'><strong>ludum</strong></span> <span class='ocrx_word' id='word_1_128' title='bbox 291 2483 445 2547; x_wconf 90' lang='lat' dir='ltr'><strong>musicum</strong></span> <span class='ocrx_word' id='word_1_129' title='bbox 484 2483 582 2546; x_wconf 79' lang='lat' dir='ltr'><strong>veteri</strong></span> <span class='ocrx_word' id='word_1_130' title='bbox 621 2505 706 2547; x_wconf 89' lang='lat' dir='ltr'><strong>more</strong></span> <span class='ocrx_word' id='word_1_131' title='bbox 743 2482 1033 2565; x_wconf 84' lang='lat' dir='ltr'><strong>frequentantibus,</strong></span> <span class='ocrx_word' id='word_1_132' title='bbox 1070 2501 1152 2563; x_wconf 89' lang='lat' dir='ltr'><strong>quae</strong></span> <span class='ocrx_word' id='word_1_133' title='bbox 1186 2476 1274 2560; x_wconf 90' lang='lat' dir='ltr'><strong>apud</strong></span> 
     </span>
     <span class='ocr_line' id='line_1_23' title="bbox 140 2563 1274 2650; baseline -0.004 -20"><span class='ocrx_word' id='word_1_134' title='bbox 140 2567 336 2632; x_wconf 89' lang='lat' dir='ltr'><strong>Macrobium</strong></span> <span class='ocrx_word' id='word_1_135' title='bbox 372 2569 498 2650; x_wconf 84' lang='lat' dir='ltr'><strong>legitur,</strong></span> <span class='ocrx_word' id='word_1_136' title='bbox 534 2591 592 2633; x_wconf 86' lang='lat' dir='ltr'><strong>nos</strong></span> <span class='ocrx_word' id='word_1_137' title='bbox 626 2570 746 2632; x_wconf 88' lang='lat' dir='ltr'><strong>urbane</strong></span> <span class='ocrx_word' id='word_1_138' title='bbox 781 2569 867 2633; x_wconf 88' lang='lat' dir='ltr'><strong>dicto</strong></span> <span class='ocrx_word' id='word_1_139' title='bbox 899 2567 1082 2631; x_wconf 86' lang='lat' dir='ltr'><strong>refellimus.</strong></span> <span class='ocrx_word' id='word_1_140' title='bbox 1137 2563 1197 2627; x_wconf 89' lang='lat' dir='ltr'><strong>Per</strong></span> <span class='ocrx_word' id='word_1_141' title='bbox 1231 2567 1274 2637; x_wconf 75' lang='lat' dir='ltr'><strong>te,</strong></span> 
     </span>
     <span class='ocr_line' id='line_1_24' title="bbox 140 2649 1276 2736; baseline -0.004 -21"><span class='ocrx_word' id='word_1_142' title='bbox 140 2651 230 2727; x_wconf 85' lang='lat' dir='ltr'><strong>Cato,</strong></span> <span class='ocrx_word' id='word_1_143' title='bbox 260 2654 355 2717; x_wconf 89' lang='lat' dir='ltr'><strong>liceat</strong></span> <span class='ocrx_word' id='word_1_144' title='bbox 382 2654 512 2718; x_wconf 85' lang='lat' dir='ltr'><strong>senibus</strong></span> <span class='ocrx_word' id='word_1_145' title='bbox 541 2659 670 2718; x_wconf 90' lang='lat' dir='ltr'><strong>cantare</strong></span> <span class='ocrx_word' id='word_1_146' title='bbox 697 2657 729 2717; x_wconf 92' lang='lat' dir='ltr'><strong>et</strong></span> <span class='ocrx_word' id='word_1_147' title='bbox 759 2654 900 2736; x_wconf 79' lang='lat' dir='ltr'><strong>psallere,</strong></span> <span class='ocrx_word' id='word_1_148' title='bbox 929 2651 1037 2735; x_wconf 88' lang='lat' dir='ltr'><strong>quiid</strong></span> <span class='ocrx_word' id='word_1_149' title='bbox 1062 2649 1202 2715; x_wconf 89' lang='lat' dir='ltr'><strong>muueris</strong></span> <span class='ocrx_word' id='word_1_150' title='bbox 1234 2671 1276 2712; x_wconf 89' lang='lat' dir='ltr'><strong>na</strong></span> 
     </span>
     <span class='ocr_line' id='line_1_25' title="bbox 140 2734 1276 2823; baseline -0.002 -22"><span class='ocrx_word' id='word_1_151' title='bbox 140 2740 250 2820; x_wconf 91' lang='lat' dir='ltr'><strong>pueris</strong></span> <span class='ocrx_word' id='word_1_152' title='bbox 280 2739 406 2822; x_wconf 90' lang='lat' dir='ltr'><strong>quidem</strong></span> <span class='ocrx_word' id='word_1_153' title='bbox 431 2744 463 2803; x_wconf 91' lang='lat' dir='ltr'><strong>et</strong></span> <span class='ocrx_word' id='word_1_154' title='bbox 485 2740 598 2823; x_wconf 90' lang='lat' dir='ltr'><strong>puellis</strong></span> <span class='ocrx_word' id='word_1_155' title='bbox 629 2740 825 2823; x_wconf 89' lang='lat' dir='ltr'><strong>permiseras.</strong></span> <span class='ocrx_word' id='word_1_156' title='bbox 871 2738 1044 2804; x_wconf 88' lang='lat' dir='ltr'><strong>Succurrat</strong></span> <span class='ocrx_word' id='word_1_157' title='bbox 1072 2737 1133 2801; x_wconf 89' lang='lat' dir='ltr'><strong>tibi</strong></span> <span class='ocrx_word' id='word_1_158' title='bbox 1161 2734 1276 2800; x_wconf 88' lang='lat' dir='ltr'><strong>Socra-</strong></span> 
     </span>
     <span class='ocr_line' id='line_1_26' title="bbox 143 2821 1275 2908; baseline -0.004 -21"><span class='ocrx_word' id='word_1_159' title='bbox 143 2825 239 2888; x_wconf 88' lang='lat' dir='ltr'><strong>ticum</strong></span> <span class='ocrx_word' id='word_1_160' title='bbox 265 2824 453 2908; x_wconf 87' lang='lat' dir='ltr'><strong>exemplum.</strong></span> <span class='ocrx_word' id='word_1_161' title='bbox 501 2824 648 2890; x_wconf 87' lang='lat' dir='ltr'><strong>Socrates</strong></span> <span class='ocrx_word' id='word_1_162' title='bbox 671 2827 755 2890; x_wconf 90' lang='lat' dir='ltr'><strong>enim</strong></span> <span class='ocrx_word' id='word_1_163' title='bbox 775 2825 841 2907; x_wconf 85' lang='lat' dir='ltr'><strong>jam</strong></span> <span class='ocrx_word' id='word_1_164' title='bbox 866 2848 962 2889; x_wconf 85' lang='lat' dir='ltr'><strong>senex</strong></span> <span class='ocrx_word' id='word_1_165' title='bbox 982 2822 1109 2888; x_wconf 88' lang='lat' dir='ltr'><strong>institui</strong></span> <span class='ocrx_word' id='word_1_166' title='bbox 1124 2821 1192 2903; x_wconf 80' lang='lat' dir='ltr'><strong>lyra</strong></span> <span class='ocrx_word' id='word_1_167' title='bbox 1207 2841 1275 2884; x_wconf 89' lang='lat' dir='ltr'><strong>nou</strong></span> 
     </span>
     <span class='ocr_line' id='line_1_27' title="bbox 142 2907 1361 2989; baseline -0.002 -17"><span class='ocrx_word' id='word_1_168' title='bbox 142 2909 360 2974; x_wconf 87' lang='lat' dir='ltr'><strong>erubescebat.</strong></span> <span class='ocrx_word' id='word_1_169' title='bbox 393 2910 508 2975; x_wconf 79' lang='lat' dir='ltr'><strong>‘Duces</strong></span> <span class='ocrx_word' id='word_1_170' title='bbox 537 2911 611 2975; x_wconf 91' lang='lat' dir='ltr'><strong>olim</strong></span> <span class='ocrx_word' id='word_1_171' title='bbox 640 2913 796 2975; x_wconf 85' lang='lat' dir='ltr'><strong>maximos</strong></span> <span class='ocrx_word' id='word_1_172' title='bbox 818 2917 851 2975; x_wconf 89' lang='lat' dir='ltr'><strong>et</strong></span> <span class='ocrx_word' id='word_1_173' title='bbox 872 2911 990 2975; x_wconf 89' lang='lat' dir='ltr'><strong>fidibus</strong></span> <span class='ocrx_word' id='word_1_174' title='bbox 1013 2913 1046 2974; x_wconf 92' lang='lat' dir='ltr'><strong>et</strong></span> <span class='ocrx_word' id='word_1_175' title='bbox 1072 2907 1162 2973; x_wconf 90' lang='lat' dir='ltr'><strong>tibiis</strong></span> <span class='ocrx_word' id='word_1_176' title='bbox 1191 2907 1275 2970; x_wconf 91' lang='lat' dir='ltr'><strong>ceci·</strong></span> <span class='ocrx_word' id='word_1_177' title='bbox 1355 2978 1361 2989; x_wconf 43' lang='grc'>,</span> 
     </span>
     <span class='ocr_line' id='line_1_28' title="bbox 142 2994 1276 3145; baseline -0.002 -87"><span class='ocrx_word' id='word_1_178' title='bbox 142 2995 228 3059; x_wconf 91' lang='lat' dir='ltr'><strong>nisse</strong></span> <span class='ocrx_word' id='word_1_179' title='bbox 261 2996 414 3060; x_wconf 90' lang='lat' dir='ltr'><strong>traditum</strong></span> <span class='ocrx_word' id='word_1_180' title='bbox 451 3001 507 3060; x_wconf 90' lang='lat' dir='ltr'><strong>est.</strong></span> <span class='ocrx_word' id='word_1_181' title='bbox 559 2995 622 3074; x_wconf 77' lang='lat' dir='ltr'><strong>¹Sed</strong></span> <span class='ocrx_word' id='word_1_182' title='bbox 656 3002 688 3061; x_wconf 93' lang='lat' dir='ltr'><strong>et</strong></span> <span class='ocrx_word' id='word_1_183' title='bbox 722 3002 863 3061; x_wconf 87' lang='lat' dir='ltr'><strong>veterum</strong></span> <span class='ocrx_word' id='word_1_184' title='bbox 898 3017 1025 3145; x_wconf 60' lang='lat' dir='ltr'><strong>quopue</strong></span> <span class='ocrx_word' id='word_1_185' title='bbox 1059 2994 1276 3060; x_wconf 86' lang='lat' dir='ltr'><strong>Romanorum</strong></span> 
     </span>
    </p>
   </div>
   <div class='ocr_carea' id='block_1_4' title="bbox 144 3079 1283 4445">
    <p class='ocr_par' dir='ltr' id='par_1_4' title="bbox 144 3079 1283 4445">
     <span class='ocr_line' id='line_1_29' title="bbox 144 3079 1277 3163; baseline -0.002 -20"><span class='ocrx_word' id='word_1_186' title='bbox 144 3080 246 3163; x_wconf 88' lang='lat' dir='ltr'><strong>epulis</strong></span> <span class='ocrx_word' id='word_1_187' title='bbox 268 3081 347 3145; x_wconf 90' lang='lat' dir='ltr'><strong>fides</strong></span> <span class='ocrx_word' id='word_1_188' title='bbox 370 3104 406 3146; x_wconf 91' lang='lat' dir='ltr'><strong>ac</strong></span> <span class='ocrx_word' id='word_1_189' title='bbox 429 3081 526 3147; x_wconf 90' lang='lat' dir='ltr'><strong>tibias</strong></span> <span class='ocrx_word' id='word_1_190' title='bbox 548 3082 699 3147; x_wconf 90' lang='lat' dir='ltr'><strong>adhibere</strong></span> <span class='ocrx_word' id='word_1_191' title='bbox 722 3083 819 3147; x_wconf 89' lang='lat' dir='ltr'><strong>moris</strong></span> <span class='ocrx_word' id='word_1_192' title='bbox 842 3082 911 3146; x_wconf 84' lang='lat' dir='ltr'><strong>fuir.</strong></span> <span class='ocrx_word' id='word_1_193' title='bbox 984 3079 1186 3145; x_wconf 89' lang='lat' dir='ltr'><strong>hemistocles</strong></span> <span class='ocrx_word' id='word_1_194' title='bbox 1201 3100 1277 3142; x_wconf 90' lang='lat' dir='ltr'><strong>cum</strong></span> 
     </span>
     <span class='ocr_line' id='line_1_30' title="bbox 145 3164 1276 3249; baseline -0.002 -20"><span class='ocrx_word' id='word_1_195' title='bbox 145 3188 179 3230; x_wconf 92' lang='lat' dir='ltr'><strong>se</strong></span> <span class='ocrx_word' id='word_1_196' title='bbox 203 3167 383 3248; x_wconf 91' lang='lat' dir='ltr'><strong>imperitum</strong></span> <span class='ocrx_word' id='word_1_197' title='bbox 418 3167 503 3249; x_wconf 83' lang='lat' dir='ltr'><strong>lyrae</strong></span> <span class='ocrx_word' id='word_1_198' title='bbox 538 3168 701 3232; x_wconf 83' lang='lat' dir='ltr'><strong>confessus</strong></span> <span class='ocrx_word' id='word_1_199' title='bbox 735 3173 827 3244; x_wconf 83' lang='lat' dir='ltr'><strong>esset,</strong></span> <span class='ocrx_word' id='word_1_200' title='bbox 862 3167 991 3232; x_wconf 87' lang='lat' dir='ltr'><strong>babitus</strong></span> <span class='ocrx_word' id='word_1_201' title='bbox 1025 3170 1074 3229; x_wconf 90' lang='lat' dir='ltr'><strong>est</strong></span> <span class='ocrx_word' id='word_1_202' title='bbox 1105 3164 1276 3228; x_wconf 84' lang='lat' dir='ltr'><strong>indoctior.</strong></span> 
     </span>
     <span class='ocr_line' id='line_1_31' title="bbox 145 3249 1276 3336; baseline -0.003 -20"><span class='ocrx_word' id='word_1_203' title='bbox 145 3252 267 3316; x_wconf 84' lang='lat' dir='ltr'><strong>Omitto</strong></span> <span class='ocrx_word' id='word_1_204' title='bbox 291 3253 454 3329; x_wconf 87' lang='lat' dir='ltr'><strong>Davidem,</strong></span> <span class='ocrx_word' id='word_1_205' title='bbox 478 3276 571 3336; x_wconf 91' lang='lat' dir='ltr'><strong>quern</strong></span> <span class='ocrx_word' id='word_1_206' title='bbox 597 3259 628 3317; x_wconf 87' lang='lat' dir='ltr'><strong>et</strong></span> <span class='ocrx_word' id='word_1_207' title='bbox 651 3253 786 3317; x_wconf 83' lang='lat' dir='ltr'><strong>saltasse</strong></span> <span class='ocrx_word' id='word_1_208' title='bbox 809 3258 841 3316; x_wconf 92' lang='lat' dir='ltr'><strong>et</strong></span> <span class='ocrx_word' id='word_1_209' title='bbox 863 3253 990 3335; x_wconf 91' lang='lat' dir='ltr'><strong>publice</strong></span> <span class='ocrx_word' id='word_1_210' title='bbox 1012 3250 1165 3316; x_wconf 90' lang='lat' dir='ltr'><strong>cecinisse</strong></span> <span class='ocrx_word' id='word_1_211' title='bbox 1194 3249 1276 3331; x_wconf 80' lang='lat' dir='ltr'><strong>legi·</strong></span> 
     </span>
     <span class='ocr_line' id='line_1_32' title="bbox 145 3335 1276 3421; baseline -0.002 -20"><span class='ocrx_word' id='word_1_212' title='bbox 145 3353 225 3402; x_wconf 85' lang='lat' dir='ltr'><strong>mus.</strong></span> <span class='ocrx_word' id='word_1_213' title='bbox 271 3338 363 3402; x_wconf 89' lang='lat' dir='ltr'><strong>Plato</strong></span> <span class='ocrx_word' id='word_1_214' title='bbox 387 3361 500 3421; x_wconf 87' lang='lat' dir='ltr'><strong>pueros</strong></span> <span class='ocrx_word' id='word_1_215' title='bbox 523 3339 708 3421; x_wconf 87' lang='lat' dir='ltr'><strong>puellasque</strong></span> <span class='ocrx_word' id='word_1_216' title='bbox 732 3340 771 3402; x_wconf 86' lang='lat' dir='ltr'><strong>ad</strong></span> <span class='ocrx_word' id='word_1_217' title='bbox 795 3338 942 3402; x_wconf 85' lang='lat' dir='ltr'><strong>choream</strong></span> <span class='ocrx_word' id='word_1_218' title='bbox 967 3337 1111 3401; x_wconf 87' lang='lat' dir='ltr'><strong>hortatur</strong></span> <span class='ocrx_word' id='word_1_219' title='bbox 1129 3335 1276 3418; x_wconf 87' lang='lat' dir='ltr'><strong>exemplo</strong></span> 
     </span>
     <span class='ocr_line' id='line_1_33' title="bbox 146 3419 1277 3507; baseline -0.004 -20"><span class='ocrx_word' id='word_1_220' title='bbox 146 3423 335 3487; x_wconf 70' lang='lat' dir='ltr'><strong>Minervae⁶</strong></span> <span class='ocrx_word' id='word_1_221' title='bbox 359 3425 500 3506; x_wconf 83' lang='lat' dir='ltr'><strong>virginis,</strong></span> <span class='ocrx_word' id='word_1_222' title='bbox 524 3447 606 3507; x_wconf 90' lang='lat' dir='ltr'><strong>quae</strong></span> <span class='ocrx_word' id='word_1_223' title='bbox 630 3424 763 3488; x_wconf 80' lang='lat' dir='ltr'><strong>Athenis</strong></span> <span class='ocrx_word' id='word_1_224' title='bbox 786 3425 953 3507; x_wconf 86' lang='lat' dir='ltr'><strong>praecipue</strong></span> <span class='ocrx_word' id='word_1_225' title='bbox 976 3422 1147 3486; x_wconf 81' lang='lat' dir='ltr'><strong>colebatur.</strong></span> <span class='ocrx_word' id='word_1_226' title='bbox 1193 3419 1277 3484; x_wconf 88' lang='lat' dir='ltr'><strong>Item</strong></span> 
     </span>
     <span class='ocr_line' id='line_1_34' title="bbox 145 3507 1277 3589; baseline -0.002 -17"><span class='ocrx_word' id='word_1_227' title='bbox 145 3508 239 3573; x_wconf 86' lang='lat' dir='ltr'><strong>Plato</strong></span> <span class='ocrx_word' id='word_1_228' title='bbox 274 3510 359 3574; x_wconf 89' lang='lat' dir='ltr'><strong>civili</strong></span> <span class='ocrx_word' id='word_1_229' title='bbox 392 3512 459 3574; x_wconf 92' lang='lat' dir='ltr'><strong>viro</strong></span> <span class='ocrx_word' id='word_1_230' title='bbox 493 3510 702 3574; x_wconf 84' lang='lat' dir='ltr'><strong>necessariam</strong></span> <span class='ocrx_word' id='word_1_231' title='bbox 738 3511 878 3574; x_wconf 88' lang='lat' dir='ltr'><strong>musicen</strong></span> <span class='ocrx_word' id='word_1_232' title='bbox 912 3509 1054 3574; x_wconf 86' lang='lat' dir='ltr'><strong>credidit.</strong></span> <span class='ocrx_word' id='word_1_233' title='bbox 1111 3507 1277 3589; x_wconf 79' lang='lat' dir='ltr'><strong>Lycurgus</strong></span> 
     </span>
     <span class='ocr_line' id='line_1_35' title="bbox 146 3591 1276 3679; baseline -0.003 -22"><span class='ocrx_word' id='word_1_234' title='bbox 146 3595 284 3659; x_wconf 88' lang='lat' dir='ltr'><strong>musices</strong></span> <span class='ocrx_word' id='word_1_235' title='bbox 308 3596 507 3679; x_wconf 89' lang='lat' dir='ltr'><strong>disciplinam</strong></span> <span class='ocrx_word' id='word_1_236' title='bbox 532 3595 688 3677; x_wconf 87' lang='lat' dir='ltr'><strong>probavit.</strong></span> <span class='ocrx_word' id='word_1_237' title='bbox 734 3595 962 3678; x_wconf 82' lang='lat' dir='ltr'><strong>Pythagoraeis</strong></span> <span class='ocrx_word' id='word_1_238' title='bbox 986 3597 1069 3658; x_wconf 86' lang='lat' dir='ltr'><strong>certe</strong></span> <span class='ocrx_word' id='word_1_239' title='bbox 1092 3592 1188 3656; x_wconf 90' lang='lat' dir='ltr'><strong>moris</strong></span> <span class='ocrx_word' id='word_1_240' title='bbox 1203 3591 1276 3666; x_wconf 85' lang='lat' dir='ltr'><strong>luit,</strong></span> 
     </span>
     <span class='ocr_line' id='line_1_36' title="bbox 146 3681 1279 3763; baseline -0.002 -21"><span class='ocrx_word' id='word_1_241' title='bbox 146 3683 178 3742; x_wconf 88' lang='lat' dir='ltr'><strong>et</strong></span> <span class='ocrx_word' id='word_1_242' title='bbox 205 3702 277 3743; x_wconf 88' lang='lat' dir='ltr'><strong>curn</strong></span> <span class='ocrx_word' id='word_1_243' title='bbox 308 3681 524 3763; x_wconf 82' lang='lat' dir='ltr'><strong>evigilassent,</strong></span> <span class='ocrx_word' id='word_1_244' title='bbox 555 3682 678 3744; x_wconf 85' lang='lat' dir='ltr'><strong>animos</strong></span> <span class='ocrx_word' id='word_1_245' title='bbox 701 3682 742 3744; x_wconf 91' lang='lat' dir='ltr'><strong>ad</strong></span> <span class='ocrx_word' id='word_1_246' title='bbox 765 3681 862 3763; x_wconf 87' lang='lat' dir='ltr'><strong>lyram</strong></span> <span class='ocrx_word' id='word_1_247' title='bbox 894 3682 1044 3755; x_wconf 82' lang='lat' dir='ltr'><strong>excitare,</strong></span> <span class='ocrx_word' id='word_1_248' title='bbox 1074 3699 1138 3760; x_wconf 92' lang='lat' dir='ltr'><strong>quo</strong></span> <span class='ocrx_word' id='word_1_249' title='bbox 1169 3683 1279 3741; x_wconf 89' lang='lat' dir='ltr'><strong>essent</strong></span> 
     </span>
     <span class='ocr_line' id='line_1_37' title="bbox 144 3762 1277 3849; baseline -0.005 -18"><span class='ocrx_word' id='word_1_250' title='bbox 144 3764 184 3831; x_wconf 76' lang='lat' dir='ltr'><strong>ad</strong></span> <span class='ocrx_word' id='word_1_251' title='bbox 210 3767 367 3846; x_wconf 79' lang='lat' dir='ltr'><strong>agendum</strong></span> <span class='ocrx_word' id='word_1_252' title='bbox 393 3768 572 3834; x_wconf 77' lang='lat' dir='ltr'><strong>erectiores,</strong></span> <span class='ocrx_word' id='word_1_253' title='bbox 595 3772 718 3830; x_wconf 88' lang='lat' dir='ltr'><strong>etcum</strong></span> <span class='ocrx_word' id='word_1_254' title='bbox 743 3788 887 3829; x_wconf 89' lang='lat' dir='ltr'><strong>somnum</strong></span> <span class='ocrx_word' id='word_1_255' title='bbox 912 3769 1066 3849; x_wconf 54' lang='lat' dir='ltr'><strong>peterent„</strong></span> <span class='ocrx_word' id='word_1_256' title='bbox 1087 3764 1126 3826; x_wconf 88' lang='lat' dir='ltr'><strong>ad</strong></span> <span class='ocrx_word' id='word_1_257' title='bbox 1143 3762 1277 3826; x_wconf 88' lang='lat' dir='ltr'><strong>eandem</strong></span> 
     </span>
     <span class='ocr_line' id='line_1_38' title="bbox 145 3848 1278 3933; baseline -0.002 -20"><span class='ocrx_word' id='word_1_258' title='bbox 145 3851 233 3932; x_wconf 90' lang='lat' dir='ltr'><strong>prius</strong></span> <span class='ocrx_word' id='word_1_259' title='bbox 267 3852 364 3915; x_wconf 89' lang='lat' dir='ltr'><strong>lenire</strong></span> <span class='ocrx_word' id='word_1_260' title='bbox 398 3858 546 3925; x_wconf 81' lang='lat' dir='ltr'><strong>mentem,</strong></span> <span class='ocrx_word' id='word_1_261' title='bbox 578 3857 614 3916; x_wconf 88' lang='lat' dir='ltr'><strong>ut</strong></span> <span class='ocrx_word' id='word_1_262' title='bbox 637 3854 663 3916; x_wconf 91' lang='lat' dir='ltr'><strong>si</strong></span> <span class='ocrx_word' id='word_1_263' title='bbox 687 3852 764 3933; x_wconf 92' lang='lat' dir='ltr'><strong>quid</strong></span> <span class='ocrx_word' id='word_1_264' title='bbox 798 3852 910 3916; x_wconf 84' lang='lat' dir='ltr'><strong>fuisset</strong></span> <span class='ocrx_word' id='word_1_265' title='bbox 944 3850 1154 3915; x_wconf 88' lang='lat' dir='ltr'><strong>turbidiorum</strong></span> <span class='ocrx_word' id='word_1_266' title='bbox 1190 3848 1278 3928; x_wconf 86' lang='lat' dir='ltr'><strong>cogi-</strong></span> 
     </span>
     <span class='ocr_line' id='line_1_39' title="bbox 146 3933 1279 4019; baseline -0.004 -20"><span class='ocrx_word' id='word_1_267' title='bbox 146 3937 305 4000; x_wconf 82' lang='lat' dir='ltr'><strong>tationum</strong></span> <span class='ocrx_word' id='word_1_268' title='bbox 352 3942 601 4019; x_wconf 83' lang='lat' dir='ltr'><strong>componeretur.</strong></span> <span class='ocrx_word' id='word_1_269' title='bbox 662 3937 905 4001; x_wconf 88' lang='lat' dir='ltr'><strong>Lacedaemonii</strong></span> <span class='ocrx_word' id='word_1_270' title='bbox 950 3939 1061 3999; x_wconf 91' lang='lat' dir='ltr'><strong>autore</strong></span> <span class='ocrx_word' id='word_1_271' title='bbox 1104 3933 1279 3996; x_wconf 84' lang='lat' dir='ltr'><strong>Plutarcho</strong></span> 
     </span>
     <span class='ocr_line' id='line_1_40' title="bbox 145 4021 1279 4102; baseline -0.003 -18"><span class='ocrx_word' id='word_1_272' title='bbox 145 4021 227 4084; x_wconf 87' lang='lat' dir='ltr'><strong>tibia</strong></span> <span class='ocrx_word' id='word_1_273' title='bbox 251 4023 425 4085; x_wconf 84' lang='lat' dir='ltr'><strong>utebantur</strong></span> <span class='ocrx_word' id='word_1_274' title='bbox 448 4023 687 4086; x_wconf 88' lang='lat' dir='ltr'><strong>concionatoria</strong></span> <span class='ocrx_word' id='word_1_275' title='bbox 702 4027 735 4086; x_wconf 93' lang='lat' dir='ltr'><strong>et</strong></span> <span class='ocrx_word' id='word_1_276' title='bbox 751 4023 896 4098; x_wconf 90' lang='lat' dir='ltr'><strong>modulis,</strong></span> <span class='ocrx_word' id='word_1_277' title='bbox 912 4023 968 4102; x_wconf 87' lang='lat' dir='ltr'><strong>qui</strong></span> <span class='ocrx_word' id='word_1_278' title='bbox 983 4021 1108 4084; x_wconf 89' lang='lat' dir='ltr'><strong>animos</strong></span> <span class='ocrx_word' id='word_1_279' title='bbox 1123 4028 1279 4101; x_wconf 78' lang='lat' dir='ltr'><strong>augerent</strong></span> 
     </span>
     <span class='ocr_line' id='line_1_41' title="bbox 147 4105 1277 4188; baseline -0.003 -19"><span class='ocrx_word' id='word_1_280' title='bbox 147 4128 184 4169; x_wconf 89' lang='lat' dir='ltr'><strong>ac</strong></span> <span class='ocrx_word' id='word_1_281' title='bbox 211 4108 349 4188; x_wconf 89' lang='lat' dir='ltr'><strong>impetus</strong></span> <span class='ocrx_word' id='word_1_282' title='bbox 380 4108 520 4171; x_wconf 82' lang='lat' dir='ltr'><strong>facerent</strong></span> <span class='ocrx_word' id='word_1_283' title='bbox 550 4108 810 4171; x_wconf 87' lang='lat' dir='ltr'><strong>vehementiores.</strong></span> <span class='ocrx_word' id='word_1_284' title='bbox 856 4107 954 4171; x_wconf 89' lang='lat' dir='ltr'><strong>Porro</strong></span> <span class='ocrx_word' id='word_1_285' title='bbox 985 4105 1174 4169; x_wconf 88' lang='lat' dir='ltr'><strong>cerimoniae</strong></span> <span class='ocrx_word' id='word_1_286' title='bbox 1206 4126 1277 4167; x_wconf 89' lang='lat' dir='ltr'><strong>curn</strong></span> 
     </span>
     <span class='ocr_line' id='line_1_42' title="bbox 148 4190 1278 4275; baseline -0.003 -20"><span class='ocrx_word' id='word_1_287' title='bbox 148 4192 285 4255; x_wconf 86' lang='lat' dir='ltr'><strong>modulis</strong></span> <span class='ocrx_word' id='word_1_288' title='bbox 322 4197 354 4256; x_wconf 88' lang='lat' dir='ltr'><strong>et</strong></span> <span class='ocrx_word' id='word_1_289' title='bbox 390 4193 561 4256; x_wconf 88' lang='lat' dir='ltr'><strong>saltatione</strong></span> <span class='ocrx_word' id='word_1_290' title='bbox 599 4192 724 4275; x_wconf 90' lang='lat' dir='ltr'><strong>Orpheo</strong></span> <span class='ocrx_word' id='word_1_291' title='bbox 762 4192 955 4273; x_wconf 88' lang='lat' dir='ltr'><strong>Musaeoque</strong></span> <span class='ocrx_word' id='word_1_292' title='bbox 997 4190 1164 4255; x_wconf 90' lang='lat' dir='ltr'><strong>autoribus</strong></span> <span class='ocrx_word' id='word_1_293' title='bbox 1202 4210 1278 4255; x_wconf 84' lang='lat' dir='ltr'><strong>corr-</strong></span> 
     </span>
     <span class='ocr_line' id='line_1_43' title="bbox 149 4275 1282 4342; baseline -0.003 -2"><span class='ocrx_word' id='word_1_294' title='bbox 149 4277 282 4340; x_wconf 86' lang='lat' dir='ltr'><strong>stitutae</strong></span> <span class='ocrx_word' id='word_1_295' title='bbox 313 4285 397 4340; x_wconf 86' lang='lat' dir='ltr'><strong>sunt.</strong></span> <span class='ocrx_word' id='word_1_296' title='bbox 444 4277 521 4341; x_wconf 87' lang='lat' dir='ltr'><strong>Salii</strong></span> <span class='ocrx_word' id='word_1_297' title='bbox 552 4278 766 4342; x_wconf 87' lang='lat' dir='ltr'><strong>Romanorum</strong></span> <span class='ocrx_word' id='word_1_298' title='bbox 798 4280 896 4341; x_wconf 87' lang='lat' dir='ltr'><strong>sacris</strong></span> <span class='ocrx_word' id='word_1_299' title='bbox 925 4277 1030 4342; x_wconf 88' lang='lat' dir='ltr'><strong>choris</strong></span> <span class='ocrx_word' id='word_1_300' title='bbox 1053 4280 1085 4339; x_wconf 94' lang='lat' dir='ltr'><strong>et</strong></span> <span class='ocrx_word' id='word_1_301' title='bbox 1107 4275 1282 4338; x_wconf 90' lang='lat' dir='ltr'><strong>saltatione</strong></span> 
     </span>
     <span class='ocr_line' id='line_1_44' title="bbox 149 4361 1283 4445; baseline -0.001 -20"><span class='ocrx_word' id='word_1_302' title='bbox 149 4362 208 4425; x_wconf 89' lang='lat' dir='ltr'><strong>deo</strong></span> <span class='ocrx_word' id='word_1_303' title='bbox 230 4361 326 4426; x_wconf 90' lang='lat' dir='ltr'><strong>Marti</strong></span> <span class='ocrx_word' id='word_1_304' title='bbox 348 4363 581 4427; x_wconf 88' lang='lat' dir='ltr'><strong>sacrificabant.</strong></span> <span class='ocrx_word' id='word_1_305' title='bbox 627 4363 790 4427; x_wconf 88' lang='lat' dir='ltr'><strong>Sacrificia</strong></span> <span class='ocrx_word' id='word_1_306' title='bbox 814 4363 969 4445; x_wconf 75' lang='lat' dir='ltr'><strong>Apollinis</strong></span> <span class='ocrx_word' id='word_1_307' title='bbox 987 4383 1049 4425; x_wconf 93' lang='lat' dir='ltr'><strong>non</strong></span> <span class='ocrx_word' id='word_1_308' title='bbox 1065 4361 1135 4425; x_wconf 89' lang='lat' dir='ltr'><strong>sine</strong></span> <span class='ocrx_word' id='word_1_309' title='bbox 1158 4362 1283 4424; x_wconf 85' lang='lat' dir='ltr'><strong>musica</strong></span> 
     </span>
    </p>
   </div>
   <div class='ocr_carea' id='block_1_5' title="bbox 208 4532 482 4678">
    <p class='ocr_par' dir='ltr' id='par_1_5' title="bbox 208 4532 482 4678">
     <span class='ocr_line' id='line_1_45' title="bbox 212 4532 426 4588; baseline -0.009 0"><span class='ocrx_word' id='word_1_310' title='bbox 212 4549 226 4576; x_wconf 68' lang='lat' dir='ltr'><strong>e</strong></span> <span class='ocrx_word' id='word_1_311' title='bbox 237 4532 426 4588; x_wconf 60' lang='lat' dir='ltr'><strong>liti-uiuerint).</strong></span> 
     </span>
     <span class='ocr_line' id='line_1_46' title="bbox 208 4604 482 4678; baseline 0.007 -18"><span class='ocrx_word' id='word_1_312' title='bbox 208 4608 216 4638; x_wconf 88' lang='lat'>¹</span> <span class='ocrx_word' id='word_1_313' title='bbox 234 4605 258 4663; x_wconf 87' lang='lat' dir='ltr'><strong>d.</strong></span> <span class='ocrx_word' id='word_1_314' title='bbox 278 4604 296 4664; x_wconf 86' lang='lat' dir='ltr'><strong>i.</strong></span> <span class='ocrx_word' id='word_1_315' title='bbox 316 4604 482 4678; x_wconf 87' lang='lat' dir='ltr'><strong>Nacbtigall.</strong></span> 
     </span>
    </p>
   </div>
   <div class='ocr_carea' id='block_1_6' title="bbox 0 0 1411 4966">
    <p class='ocr_par' dir='ltr' id='par_1_6' title="bbox 0 0 1411 4966">
     <span class='ocr_line' id='line_1_47' title="bbox 0 0 1411 4966; baseline 0 0"><span class='ocrx_word' id='word_1_316' title='bbox 0 0 1411 4966; x_wconf 95' lang='lat' dir='ltr'><strong> </strong></span> 
     </span>
    </p>
   </div>
  </div>
 </body>
</html>
