2774 4966
542 650 645 705 Mutian
664 660 697 703 aa
718 647 816 703 Urban.
1170 620 1232 704 427

121 827 279 893 debitores
312 848 383 890 cum
416 824 648 889 creditoribus.¹
693 821 815 904 Negare
847 824 962 883 sortem
995 803 1057 880 bon
1091 813 1232 909 possunt:

121 912 240 978 Usiuas
273 934 345 976 vero
381 932 444 976 non
477 910 604 974 reddere
640 908 732 971 fidem
770 907 885 971 bonam
922 904 1069 976 infirmat,
1106 901 1234 962 tametsi

122 998 215 1063 Fides
237 998 329 1062 hodie
352 1019 421 1060 aras
444 1001 476 1060 et
499 996 615 1078 templa
638 1015 699 1058 uon
723 993 849 1058 habeat.
895 991 980 1054 Adeo
1008 988 1096 1052 deam
1126 984 1233 1048 Fidem

123 1084 289 1166 negligunt
310 1083 466 1149 mortales.
511 1081 593 1145 Vale.
639 1080 696 1144 Die
718 1078 814 1143 Jovis.

276 1185 336 1238 Cod.
354 1183 419 1237 Frcf.
440 1183 496 1236 161.

124 1373 237 1441 (Gotho.)
643 1355 714 1418 357.
952 1371 1009 1432 (vor
1026 1366 1050 1418 ὃ.
1068 1360 1130 1414 luni
1151 1358 1235 1429 1514.)

495 1482 635 1552 llntian
659 1501 707 1551 an
730 1479 866 1551 Urban.

126 1611 233 1677 (Urbim
259 1612 312 1663 urit
338 1629 402 1664 curn
430 1610 651 1678 Bonifaaa'assestc
676 1609 727 1671 ein,
755 1609 816 1662 aber
837 1608 873 1662 M.
897 1607 984 1660 arachi
1000 1605 1057 1657 sich
1074 1602 1160 1681 nich&
1186 1618 1237 1654 arcs

126 1679 254 1743 Ihwchca,
272 1698 301 1732 so
318 1680 386 1733 lacni
419 1680 466 1733 wsb
483 1698 534 1734 ara
551 1680 621 1734 aare
637 1679 694 1733 atad
709 1679 777 1731 Bart
798 1677 912 1740 curata·
929 1675 992 1728 doctr
1010 1673 1078 1726 rce'rd
1092 1671 1150 1724 sech
1166 1669 1237 1723 Pud-

125 1749 180 1802 liras
197 1766 247 1801 voa
265 1749 323 1802 dem
342 1698 498 1818 &limpor
516 1749 589 1802 nicht
604 1747 798 1884 mmm
821 1747 913 1800 hasen.
949 1744 999 1798 Leo
1016 1742 1050 1797 X.
1069 1741 1113 1794 cia
1134 1740 1239 1793 donner

221 1930 372 1990 officioso,
388 1931 496 1992 probo,
513 1935 620 1983 sancto
638 1931 765 1983 Urbano
781 1929 874 1991 patri,
891 1927 1023 1985 domino,
1040 1925 1137 1977 tutori

583 2016 637 2084 (Η.
661 2013 782 2082 Rufras).

227 2127 258 2191 S.
303 2128 424 2191 Invitas
453 2151 502 2192 me
524 2129 564 2192 ad
591 2129 866 2193 sollemnissimam
902 2124 1115 2189 celebritatem
1150 2144 1237 2206 pom·

127 2235 261 2295 pemque
298 2213 536 2296 septennalem,²
575 2237 676 2296 neque
713 2215 824 2290 solum,
857 2213 910 2276 sed
946 2218 977 2274 et
1011 2207 1173 2274 Publium⁸
1207 2212 1239 2273 et

125 2299 325 2378 Vulcanum,⁸
348 2322 447 2382 neque
471 2302 539 2365 sine
562 2323 666 2379 causa,
683 2300 736 2365 sed
753 2307 789 2364 ut
805 2299 935 2383 cupidos
951 2319 1053 2361 rerum
1078 2316 1237 2360 novarum.

128 2385 284 2450 Debemus
307 2385 459 2450 mehercle
481 2386 540 2450 tibi
564 2389 629 2451 viro
645 2388 797 2452 bonorum
816 2384 1006 2450 amicissimo
1020 2389 1052 2446 et
1067 2383 1237 2446 amicorum

126 2473 246 2554 optimo
270 2478 301 2536 et
323 2473 404 2536 inter
434 2478 583 2557 utrosque
617 2474 847 2556 probatissimo.
894 2470 985 2535 Facis
1012 2471 1095 2533 enim
1117 2491 1180 2532 non
1203 2473 1239 2532 ut

127 2559 275 2641 plerique,
309 2560 364 2641 qui
395 2563 518 2623 tantum
557 2560 671 2624 divites
708 2566 817 2623 amant
849 2558 896 2622 vel
931 2557 1035 2639 potius
1069 2577 1173 2619 amare
1205 2577 1239 2619 se

126 2644 287 2720 simulant,
311 2645 364 2707 sed
388 2647 482 2709 etiam
506 2668 563 2709 nos
586 2649 680 2710 sortis
707 2646 832 2709 infimae
859 2643 1117 2707 constantissima
1143 2641 1238 2705 bene-

127 2730 264 2794 volentia
302 2734 506 2813 prosequeris
546 2737 586 2808 et,
610 2736 645 2796 ut
680 2732 771 2814 plane
808 2731 890 2813 quod
928 2729 1030 2793 sentio
1068 2727 1239 2805 enuntiem,

127 2821 246 2900 patrem
271 2819 339 2897 agis
361 2821 446 2881 omni
463 2842 502 2882 ex
520 2823 607 2900 parte
627 2817 936 2900 indulgentissimum
953 2819 984 2879 et
998 2814 1238 2898 pientissimum.

127 2902 216 2978 Quod
239 2909 342 2966 autem
367 2904 405 2966 ad
431 2926 477 2967 me
500 2906 625 2982 attinet,
645 2904 806 2969 sciendum
824 2907 872 2966 est
890 2924 951 2966 non
967 2900 1115 2965 omnibus
1131 2899 1239 2965 eadem

126 2989 247 3070 placere
285 3011 340 3051 nec
379 2992 544 3054 convenire
579 2991 718 3071 quidem.
773 2990 889 3053 Vellem
928 2992 993 3051 tam
1032 2986 1118 3051 ferax
1156 2990 1239 3051 esset

125 3074 311 3139 lectioribus
334 3075 421 3139 libris
444 3076 555 3158 forum,
579 3083 615 3140 ut
637 3078 719 3140 sicut
741 3076 812 3141 aliis
834 3076 894 3140 alia
918 3075 963 3139 ita
986 3073 1063 3137 mibi
1085 3072 1238 3155 quaedam

126 3161 294 3242 placerent.
339 3159 417 3225 Nam
443 3163 480 3225 de
503 3162 629 3227 ossibus
651 3168 741 3227 tenes
763 3162 858 3245 probe
886 3160 962 3244 quid
990 3159 1067 3224 mibi
1086 3158 1237 3223 videatur.

127 3245 213 3311 Nihil
238 3269 338 3310 moror
361 3249 427 3312 vita
451 3247 586 3326 sanctos,
609 3251 670 3312 nisi
693 3249 755 3313 sibi
777 3271 889 3331 nomen
922 3246 1097 3311 immortale
1124 3244 1239 3309 studiis

128 3337 160 3396 et.
182 3334 309 3415 ingenio
331 3335 488 3417 peperisse
515 3335 668 3398 dicantur.
713 3335 795 3399 Illud
826 3356 898 3398 vero
927 3333 1039 3409 verius,
1074 3352 1240 3416 puerorum

127 3441 194 3482 esse
227 3424 258 3482 ct
297 3420 481 3484 feminarum
520 3429 551 3483 et
588 3421 814 3503 mancipiorum
852 3417 1077 3504 spectaculum,
1114 3422 1241 3482 nostros

129 3505 222 3568 etiam
258 3506 448 3570 domesticos
482 3506 559 3569 nihil
594 3507 695 3588 magis
727 3529 848 3588 cupere,
882 3528 975 3586 quam
1010 3505 1113 3569 videre
1136 3504 1177 3580 id,
1199 3503 1241 3568 ad

129 3592 213 3672 qood
236 3597 271 3655 tu
295 3614 347 3655 eos
370 3612 490 3656 evocas.
537 3591 648 3655 Verum
673 3593 829 3655 enimvero
854 3591 930 3655 milri
953 3591 1046 3673 longe
1067 3591 1130 3655 alia
1152 3611 1240 3654 mens

127 3684 184 3740 est.
230 3677 341 3759 Vagari
364 3679 446 3741 enim
470 3701 531 3742 non
556 3678 645 3740 decet
665 3678 781 3760 probos
797 3677 1020 3741 adulescentes.
1058 3676 1118 3740 Vix
1134 3680 1240 3741 tamen

127 3763 254 3826 retineri
289 3764 404 3846 poterit
442 3764 573 3827 Publius
611 3770 642 3828 et
679 3765 761 3826 votis
795 3762 888 3844 hujus
922 3785 1070 3837 annuam,
1104 3766 1140 3827 ut
1172 3766 1240 3826 toto

127 3848 273 3930 deinceps
306 3871 388 3911 anno
419 3849 458 3911 ad
492 3872 630 3912 mensam
666 3849 743 3912 mihi
776 3848 907 3912 fabellas
940 3846 1053 3911 referat
1083 3848 1121 3911 de
1150 3851 1241 3912 tanta

126 3936 328 4016 spectatione.
375 3934 464 3998 Dicet
486 3934 544 3998 tibi
567 3935 681 3998 Janus⁵
706 3936 742 3998 de
767 3935 864 3998 barba
880 3934 1005 3997 Christi.
1045 3933 1121 4013 Oba,
1138 3933 1241 4015 qualis

128 4020 242 4082 barba!
302 4021 485 4083 Detestatur
522 4021 665 4084 Christus
702 4021 899 4084 mendacium
938 4025 970 4083 et
1006 4025 1110 4083 tannen
1150 4040 1241 4084 nemo

128 4106 279 4170 mentitur
318 4108 417 4187 ansgis
456 4107 652 4189 impudenter
686 4129 778 4188 qnam
815 4104 932 4170 Christi
965 4105 1119 4169 sacerdos.
1174 4104 1241 4188 Ego

129 4192 268 4255 tunicam
300 4197 330 4254 et
360 4192 488 4255 barbam
522 4199 553 4255 et
587 4194 784 4275 praeputium
819 4214 881 4256 non
917 4191 995 4255 colo.
1042 4190 1138 4255 lleum
1173 4191 1240 4255 colo

129 4278 294 4354 viventem,
318 4280 371 4359 qui
396 4301 496 4359 nequo
518 4282 679 4343 tunicatus
702 4300 802 4361 neque
827 4278 987 4351 barbatus,
1013 4300 1113 4360 neque
1143 4277 1240 4341 ullum

125 4417 327 4425 ——-——.

142 4549 147 4559 ·
187 4483 202 4559 '¹
221 4481 306 4571 Edunt
326 4482 396 4533 hatto
415 4481 456 4534 dic
475 4483 556 4534 Giitcr
574 4483 619 4534 dor
636 4482 778 4535 Exilicrton
796 4482 960 4551 cingamgon,
985 4483 1104 4562 partibor
1121 4482 1240 4535 Harbord

124 4551 582 4673 tlnlffll'llbfllthd'bdr
600 4551 681 4674 llll·
717 4550 865 4673 ¹3¹2qu
882 4551 1136 4675 simili&
1144 4566 1195 4672 ἕω
1187 4553 1240 4673 41⁵⁶·

123 4689 154 4743 L
174 4688 200 4742 3.
270 4687 421 4756 ⁵Urbicus,
439 4688 543 4744 Urbana
560 4688 663 4743 Diener.
699 4687 725 4743 S.
743 4687 794 4743 289
810 4691 843 4747 Α
862 4690 885 4744 1.
