2774 4966
539 695 645 751 Matian
662 711 697 749 arr
715 692 816 751 Urban.
1186 693 1245 760 131
1336 648 1339 653 Ι

121 867 151 926 te
166 862 347 929 censeamur
371 886 440 929 esse
464 864 649 931 labilitatem
673 866 759 930 illam
783 872 816 930 et
831 865 958 947 linguae
974 863 1140 941 lubricum,
1165 869 1248 929 certe

127 950 238 1029 poteris
260 949 386 1032 culpam
411 951 531 1015 diluere
552 974 608 1035 per
630 958 769 1034 quatuor
791 952 1013 1034 purgationes:
1038 971 1149 1026 errore,
1173 951 1249 1031 quia

126 1032 236 1115 tingere
259 1036 379 1117 poteris
400 1041 433 1100 te
457 1036 634 1101 Matianum
659 1059 714 1119 pro
738 1037 889 1100 Martinu'
915 1037 1094 1098 nominasse
1117 1041 1150 1098 et
1171 1057 1246 1115 gen·

128 1117 186 1181 tilis
207 1120 286 1183 vitia
314 1121 417 1184 amico
449 1122 614 1197 tribuisse3
646 1145 731 1195 casu.
762 1123 846 1202 quod
879 1121 1034 1184 lubricum
1066 1121 1194 1201 linguae
1217 1127 1248 1182 te

132 1205 387 1287 praecipitaverit3
412 1209 615 1280 necessitate,
638 1210 713 1288 quia
737 1207 860 1284 ebrirrs;
883 1206 1052 1279 oblivione,
1076 1207 1160 1287 qnod
1186 1227 1247 1268 nou

135 1290 308 1367 memineris,
339 1291 416 1374 qnid
447 1292 507 1355 tibi
530 1293 723 1374 loquendum
747 1292 853 1354 fuerit.
901 1291 958 1353 llst
980 1291 1043 1352 alia
1067 1293 1116 1352 via
1140 1290 1248 1353 defen·

137 1372 226 1451 donis,
248 1377 380 1457 quando
404 1376 539 1440 dicimus
562 1377 681 1441 factum
705 1378 874 1452 dictumve,
899 1377 983 1457 quod
1007 1376 1166 1457 objicitur,
1192 1376 1248 1438 lio-

139 1462 242 1523 nsum
265 1482 335 1524 ease
358 1462 406 1525 vel
424 1468 539 1526 natura
562 1464 609 1526 vel
628 1485 712 1527 more
728 1463 776 1525 vel
794 1462 872 1542 lege.
906 1461 984 1524 ltem
1002 1461 1129 1541 quando
1147 1468 1249 1523 trans-

140 1538 246 1608 ierimus
276 1546 395 1610 crimen
424 1548 455 1609 in
484 1547 582 1611 alium
611 1552 643 1611 et
677 1549 805 1629 quando
832 1547 870 1609 fir
897 1547 1087 1620 imminutio,
1118 1547 1147 1608 h.
1173 1569 1198 1608 e.
1222 1548 1247 1609 si

145 1627 216 1711 mlps
246 1631 412 1706 minuitur,
443 1636 597 1714 tanquam
628 1634 707 1696 levis
737 1634 780 1695 sit
802 1641 835 1696 et
857 1631 989 1712 indigna
1016 1631 1247 1713 objurgatione.

144 1707 231 1777 lerum
252 1720 287 1779 tn
311 1715 447 1780 callidus
463 1716 561 1780 fuisti.
610 1719 746 1781 [laesisti
771 1719 900 1798 laqueos
928 1718 1172 1780 excusationum
1196 1739 1249 1779 ne·

146 1798 232 1873 urdo.
276 1800 358 1876 Quid
382 1803 443 1865 tibi
472 1803 611 1866 faciam?
656 1803 737 1879 Quia
767 1804 859 1866 credo
891 1803 949 1865 tibi
973 1807 1005 1865 et
1028 1803 1157 1865 evidens
1185 1823 1247 1865 non

147 1886 188 1958 er,
205 1905 240 1947 an
262 1884 385 1963 seceris,
417 1892 451 1951 te
479 1888 621 1962 absolvo
652 1890 705 1952 sed
729 1889 839 1951 hortor
866 1888 970 1950 discas
1001 1888 1118 1950 cautim
1151 1887 1247 1968 loqui.

150 1961 233 2059 dirum
255 1976 314 2047 est,
344 1980 501 2054 quantum
534 1975 681 2055 praesidii
713 1973 870 2036 collocent
897 1973 1044 2035 advocati
1074 1973 1107 2033 in
1131 1972 1248 2035 infitia-

149 2051 217 2116 bone.
269 2055 488 2139 Propinquum
529 2058 630 2122 habeo
669 2059 839 2121 Henricum
875 2058 985 2120 lonas.
1048 2057 1078 2119 Ie
1109 2056 1249 2139 appellat

150 2131 291 2204 debitorem
313 2163 407 2205 snum
438 2142 595 2207 Judaeum
625 2142 745 2208 Smeth.
795 2144 939 2217 attende,
967 2142 1043 2223 quid
1067 2145 1109 2206 sit
1131 2149 1248 2205 actum.

153 2214 242 2288 Petitur
264 2229 397 2309 pecunia
420 2250 460 2291 ex
483 2229 612 2291 vendito
635 2228 762 2292 hordeo.
808 2227 870 2291 Sed
887 2230 942 2310 qui
960 2229 1049 2308 petit,
1073 2248 1176 2308 neque
1199 2233 1248 2290 ta-

152 2298 211 2369 buln
234 2333 333 2394 neque
360 2313 499 2375 testibus
529 2313 733 2377 traditionem
767 2313 873 2377 bordei
904 2314 1009 2387 docet,
1040 2313 1094 2374 sed
1122 2317 1248 2375 tantum

153 2398 319 2469 “tumentia
331 2398 445 2461 nititur
462 2399 694 2463 verisimilibus.
720 2399 786 2479 Ego
800 2399 875 2481 quid
893 2399 963 2460 dem
980 2398 1116 2473 consilii,
1131 2399 1247 2460 neseio.

155 2466 229 2566 dogit
246 2503 316 2545 reus
338 2485 499 2565 accepisse
522 2484 683 2559 hordeum,
708 2485 787 2547 dicit
808 2490 897 2547 actor
916 2485 1146 2549 transmissum.
1183 2483 1248 2546 An·

154 2563 336 2643 ssssrlatetnn
359 2569 415 2631 aed
443 2568 545 2645 abest,
576 2574 609 2632 et
631 2571 706 2649 quia
729 2570 821 2632 abest
850 2575 881 2632 et
905 2568 975 2630 ideo
1007 2570 1037 2630 in
1059 2568 1111 2648 jus
1144 2570 1248 2631 vocari

156 2658 197 2705 ⁰⁰¹1
219 2657 327 2732 potest,
354 2657 476 2734 perabat
511 2676 581 2717 reus
613 2655 642 2716 in
676 2677 733 2718 sua
762 2654 946 2736 pertinacia.
992 2653 1053 2717 Diu
1083 2676 1133 2716 me
1161 2654 1249 2726 torsi,

156 2729 208 2803 (illd
227 2737 370 2815 praesidii
393 2737 474 2802 toret
500 2740 533 2802 in
557 2739 616 2802 hac
639 2761 680 2802 re.
726 2739 826 2819 Leges
850 2744 882 2801 et
904 2760 1042 2802 canones
1070 2739 1171 2801 multa
1195 2759 1250 2819 pro

156 2816 258 2902 litoque
279 2826 438 2886 statuunt.
474 2824 587 2888 Actora
611 2846 673 2888 non
689 2824 845 2907 probante
867 2846 939 2887 reue
962 2824 1147 2887 absolvitur.
1178 2822 1248 2886 Non

155 2897 192 2989 ll·
225 2903 298 2970 Nam
322 2909 430 2971 inveni
459 2930 568 2973 casum
598 2909 816 2973 admirabilem
852 2909 937 2990 apud
966 2910 1081 2972 Aulum
1113 2908 1248 2971 Gellium

156 2976 425 3074 bbroxlvfflp,11‚
449 2992 523 3058 huic
547 3001 655 3059 nostro
680 2995 808 3075 negotio
832 3015 983 3075 perquam
1007 2994 1151 3056 similem.
1185 2994 1249 3056 Ex-

159 3083 221 3152 serpe
240 3078 334 3141 rerba
356 3078 398 3143 M.
423 3077 555 3143 Catonis
579 3102 635 3163 pro
658 3081 757 3143 Lucio
781 3078 887 3142 Turio.
933 3079 1022 3141 Meus
1053 3081 1250 3160 propinquus

157 3157 262 3231 ⁰Pbimns
284 3163 332 3225 vir
354 3168 413 3238 est,
440 3164 582 3228 Jndoous
616 3187 688 3228 vero
712 3167 867 3246 pessimus
891 3170 923 3225 et
946 3165 1057 3246 plenus
1089 3165 1249 3246 perfidiae.

159 3231 235 3320 ltaque
255 3269 324 3312 meo
344 3248 465 3328 jndicio
488 3250 702 3330 adjudicarem
725 3251 878 3332 pecunias
902 3250 1029 3330 petitori
1053 3257 1084 3312 et
1102 3249 1250 3311 condem-

159 3338 233 3392 fflrem
253 3331 395 3397 fallacem
412 3340 445 3397 et
460 3335 638 3418 improbum
660 3341 850 3415 negatorem.
885 3333 930 3396 'lu
950 3355 1007 3397 nos
1024 3336 1070 3397 sio
1087 3335 1249 3412 redargue.

159 3399 246 3498 l’nlere
266 3419 456 3500 exemplum,
480 3418 633 3494 Mutiane,
657 3427 690 3484 et
712 3420 905 3503 praejudicio
923 3419 1055 3483 Catonis
1079 3426 1154 3482 stas.
1187 3418 1249 3482 Sed

160 3501 285 3592 {leodice
313 3504 499 3567 Juetiniano
528 3506 732 3586 prohibemur
763 3505 925 3586 exemplis,
952 3505 1100 3585 jubemur·
1127 3503 1251 3585 legibus

158 3578 270 3651 librare.
321 3587 510 3671 Respondeo
546 3591 715 3653 maximam
756 3597 876 3671 partein
908 3590 1011 3670 legum
1047 3611 1249 3652 romanarum

159 3673 266 3734 unare
290 3674 501 3755 praejudiciis
524 3676 687 3756 exemplis,
711 3676 959 3738 auctoritatibus
982 3681 1013 3736 et
1036 3675 1250 3755 opinamentis

160 3782 327 3810 KQ...-

160 3906 165 3917 ,
205 3854 313 3911 'Martia
331 3874 383 3911 von
402 3858 449 3912 der
465 3858 595 3924 Marmar,
613 3860 680 3914 Prot.
693 3862 739 3913 der
751 3859 850 3912 Roclrte
868 3859 895 3911 in
907 3859 1003 3921 Erfurt,
1022 3860 1046 3912 2.
1059 3858 1156 3911 Rolrtor
1175 3860 1250 3919 1496.

160 3920 379 3979 llbclchemJahra
397 3942 426 3979 er
433 3927 479 3982 Dr.
486 3928 537 3994 jur.
558 3929 655 3988 wurde,
675 3929 728 3980 und
739 3929 838 3980 wieder
853 3928 914 3979 1:321
932 3927 1055 3979 wahrend
1069 3927 1141 3978 eines
1150 3944 1249 3995 ganzen

169 3980 229 4049 'lma
246 3996 376 4047 nachdem
393 4011 423 4048 er
443 4011 494 4048 von
513 3996 585 4049 einer
604 3996 680 4049 lteise
703 3996 770 4048 uach
798 3996 930 4048 Palitstina
961 3995 1169 4062 znrr'ielrgulrehrt
1188 4013 1249 4050 rear.

159 4042 252 4113 htbnd
272 4079 332 4115 anm
353 4062 543 4116 Humanismus
568 4065 621 4116 und
645 4068 735 4131 apator
758 4080 805 4116 zur
828 4063 1004 4115 Reformation
1030 4063 1054 4113 iu
1081 4064 1249 4117 ioindlichem

159 4112 282 4191 leonata
306 4133 359 4184 und
377 4131 442 4183 wird
461 4148 512 4184 ron
530 4131 632 4184 Mutian
650 4133 689 4184 uls
709 4133 891 4184 barbariseher
914 4132 998 4183 Jurist
1025 4131 1184 4189 bezeiolruet,
1204 4135 1251 4186 der

157 4188 194 4242 auh
207 4198 266 4250 ruah
285 4200 371 4267 wanig
388 4215 433 4250 um
445 4200 534 4251 seinen
549 4200 732 4259 Vorwarrdten.
752 4201 801 4252 den
820 4200 1019 4251 auistrebonden
1036 4199 1159 4255 llerbord.
1173 4202 1249 4253 lriirn-

132 4266 218 4331 ,¹⁸22
248 4266 283 4320 Er
299 4283 354 4321 war
371 4267 491 4335 rugleich
511 4268 659 4321 lianouilrer
677 4268 882 4320 r·orrSt.Sur·eri.
912 4267 1012 4319 liutran
1031 4268 1103 4319 hatte
1123 4285 1172 4319 von
1194 4270 1249 4322 ihm

156 4320 204 4388 (nan
217 4334 282 4388 aielrt
295 4335 392 4402 jedeon
411 4335 493 4393 nicht
512 4341 589 4389 unter·
608 4337 734 4389 walcherii
753 4337 829 4392 Titelt
849 4336 947 4387 (batallo
966 4353 999 4386 zu
1018 4336 1151 4395 bezielren.
1171 4338 1205 4390 da
1222 4356 1251 4390 er·

153 4404 187 4449 Μ
198 4402 288 4457 ώσω
310 4403 466 4457 Prokurator·
483 4404 572 4457 Solrilo
595 4405 845 4472 llechnnngsablago
862 4404 975 4455 tor-deme
994 4405 1059 4455 iiber
1076 4404 1131 4469 dae,
1151 4421 1204 4456 iras
1222 4422 1250 4459 er

153 4472 186 4517 Μ
203 4468 254 4525 »Da
277 4472 420 4526 Martium«
446 4473 499 4525 und
522 4474 581 4525 dem
615 4473 762 4525 llanonilrer
785 4472 928 4525 Holtmnnn
953 4472 1159 4539 oingenornman.
1187 4476 1249 4526 cod.

147 4528 189 4587 4⁰]-
219 4537 256 4594 0b
272 4542 320 4593 dur
338 4542 413 4593 auus
431 4539 494 4593 olim
514 4548 634 4608 patruus«
653 4558 694 4594 am
713 4541 839 4594 Schlusse
858 4541 898 4593 ob.
913 4539 1010 4591 Br.ein
1024 4539 1140 4594 anderen
1155 4542 1249 4593 boreits

146 4608 303 4661 murena
328 4606 425 4661 Oheim
444 4607 576 4662 Herburde
594 4625 656 4667 war,
675 4611 709 4662 ist
728 4608 893 4676 zneitelhatt,
917 4608 951 4660 da
968 4624 1019 4661 von
1038 4608 1124 4659 einem
1142 4609 1249 4662 solohen

141 4680 200 4727 U
211 4676 334 4745 nim&
350 4675 395 4729 die
412 4674 485 4731 Rada
501 4676 545 4731 iat.
997 4745 1050 4813 9*
