2774 4966
569 596 675 656 alutias
693 613 726 652 au
746 600 846 657 Uiben.
1210 612 1274 676 439

141 786 258 859 (Gotho.)
569 746 576 765 ⁵
668 778 741 842 369.
1057 794 1096 845 17.
1115 794 1178 847 Juui
1198 798 1272 850 1514.

512 883 658 954 Mutian
681 905 729 954 an
751 885 891 956 Urban.

135 994 226 1062 (Betui
245 1010 328 1072 roepcn
339 994 383 1046 das
394 1000 514 1118 strmZpen
532 995 643 1075 larissea¹
654 1012 712 1074 um·
720 995 891 1063 terrer‘hunp.
923 995 1032 1060 Arrsfull
1040 1012 1119 1062 peperi
1131 997 1272 1052 Duronius

271 1067 323 1115 met
339 1079 431 1116 eet-am
476 1080 592 1127 amusan,
611 1065 654 1118 dre
672 1081 743 1118 scrire
762 1063 956 1130 Frnmdschust
973 1063 1134 1129 rembeulen.)

190 1175 334 1227 Amenda
353 1178 386 1226 et
403 1176 489 1231 dulci
506 1181 538 1228 et
556 1179 645 1239 quast
669 1179 796 1240 proprio
814 1191 850 1229 ac
868 1177 1110 1230 familiarissimo
1134 1181 1219 1240 petri

382 1263 521 1323 Urbano,
539 1265 689 1326 magistro
709 1264 831 1315 erudlto
849 1262 893 1314 Μ.
912 1261 1023 1314 Rufus

236 1370 268 1436 S.
314 1372 431 1437 Triduo
465 1382 541 1439 aute
573 1376 684 1458 scripsi
718 1374 855 1458 impulsu
893 1374 1133 1439 benevolentiae
1170 1375 1265 1456 paulo

133 1456 297 1520 severius'
344 1458 418 1523 Ideo
443 1460 526 1523 volui
550 1483 599 1524 me
622 1461 661 1524 de
684 1461 745 1524 isto
770 1483 864 1524 cursu
882 1462 913 1522 in
932 1461 1103 1524 stationem
1122 1482 1268 1524 revocare

135 1546 167 1604 et
189 1542 269 1605 duas
293 1544 444 1624 epistolas
467 1567 538 1608 cum
564 1546 646 1610 binis
671 1545 758 1610 Croti
782 1543 897 1610 literis²
923 1545 992 1608 foco
1025 1546 1186 1622 mandare,
1220 1546 1267 1609 uti

132 1628 268 1705 assuevi,
297 1629 422 1709 quoties
453 1632 655 1713 asperitatem
689 1637 837 1696 retracto.
883 1630 945 1695 Sed
975 1632 1040 1694 scio
1064 1638 1095 1694 te
1119 1631 1268 1695 maluisse

134 1713 373 1794 qualescunque
405 1716 514 1780 literas
538 1739 632 1799 quam
659 1718 771 1780 nullas.
819 1716 948 1798 Alioqui
983 1738 1053 1779 raro
1087 1716 1264 1779 scriberem.

134 1798 212 1874 Quis
235 1799 319 1862 enim
342 1803 477 1864 rationis
501 1823 630 1881 compos
655 1803 821 1866 fastidioso
842 1802 1015 1865 inculcaret
1031 1807 1096 1865 tam
1113 1801 1267 1866 illiterata

134 1889 165 1946 et
199 1884 343 1949 insulsa?
389 1886 478 1950 Novi
504 1887 704 1951 stomachum
740 1894 840 1951 tuum.
894 1886 1053 1949 Observas
1088 1886 1265 1951 blutiauum

132 1974 342 2051 peramanter,
378 1971 546 2036 delectaris
580 1974 674 2037 amici
710 1973 817 2036 studio
848 1976 881 2034 et
910 1993 968 2053 ego
997 1973 1142 2035 literatos
1176 1972 1266 2036 valde

132 2054 231 2137 diligo
263 2060 303 2133 et,
335 2057 420 2139 quod
454 2058 534 2121 sciro
564 2063 596 2121 te
626 2063 741 2122 certo*
777 2059 852 2133 scic,
885 2054 1088 2121 'sanctissime
1121 2061 1152 2121 te
1185 2057 1264 2121 colo.

132 2138 265 2204 Cessent
303 2142 401 2221 igitur
438 2142 516 2207 haec
553 2143 719 2208 verborum
763 2148 915 2224 tympana
952 2146 984 2205 ct
1021 2149 1149 2206 utamur
1186 2142 1265 2206 alter

132 2224 264 2290 alterius
286 2226 392 2291 officio
418 2233 450 2291 et
472 2249 575 2311 opera.
623 2229 670 2293 Tu
693 2235 777 2293 recte
800 2249 935 2310 vereque
957 2230 1058 2292 sentis
1082 2227 1263 2292 libertatem

132 2333 201 2374 esse
224 2334 288 2375 ram
312 2312 588 2378 inaestimabilem.
634 2314 715 2392 Quid
741 2314 852 2396 majus,
877 2336 971 2397 quam
996 2318 1031 2377 ut
1053 2313 1133 2377 salvi
1156 2312 1263 2378 liberi-

92 2437 96 2445 -
131 2417 193 2478 que
215 2397 339 2461 simus?
383 2399 494 2481 ltaque
519 2423 587 2464 sum
612 2407 643 2464 et
667 2402 827 2483 opinione,
850 2399 1020 2475 sententia,
1044 2399 1209 2463 voluntate
1232 2405 1264 2463 et

131 2483 265 2546 consilio
298 2489 402 2547 tecum
437 2486 729 2568 conjunctissimus.
784 2484 851 2548 Hoc
880 2484 1098 2567 interpellator
1128 2489 1204 2548 tuus
1232 2491 1265 2559 et

130 2568 356 2632 combibonum
381 2591 510 2635 suorum
535 2593 686 2635 assensor
710 2568 883 2635 Duronius⁸
907 2593 969 2633 non
993 2575 1087 2653 putat.
1110 2592 1177 2634 esse
1193 2571 1263 2634 sani

131 2652 279 2729 hominis,
315 2655 369 2718 sed
405 2657 523 2737 gaudet
556 2659 643 2720 cenis
678 2656 977 2738 sumptuosioribus
1014 2661 1106 2719 vocat
1139 2656 1262 2734 mimos,

131 2760 266 2817 scurrae,
290 2763 329 2802 ne
353 2739 456 2804 dicam
482 2742 674 2807 levissimum
700 2763 837 2824 gregem,
855 2763 935 2824 quos
951 2741 1049 2804 habet
1072 2741 1104 2803 in
1129 2740 1260 2807 deliciis.

131 2822 212 2900 Quid
237 2825 315 2889 haec
339 2848 388 2889 res
411 2828 496 2890 aliud
521 2834 579 2903 est,
603 2850 696 2910 quam
722 2850 807 2891 mera
835 2825 994 2891 servitus?
1038 2825 1107 2889 Non
1141 2826 1262 2903 didicit,

130 2911 207 3057 puisi
242 2911 285 2973 sit
320 2913 424 2974 vivere
457 2934 527 2976 oum
563 2914 676 2990 doctis,
711 2913 812 2991 bonis,
845 2912 1005 2995 jucundis.
1062 2911 1174 2976 Verum
1207 2913 1261 2976 isti

159 2996 252 3078 igoli⁴
277 3001 307 3058 et
331 2996 505 3062 citharoedi
539 3000 658 3063 radant
682 2999 712 3062 in
738 3004 892 3062 tartareas
924 2997 1133 3062 carnificinas.
1179 2997 1260 3074 Quid

130 3081 169 3144 de
191 3080 359 3145 Bartholo⁸
389 3083 518 3146 dicam?
563 3085 610 3147 nd
643 3084 737 3166 liujus
767 3084 940 3147 nebulonis
967 3083 1160 3147 sententiam
1188 3087 1261 3146 tan-

129 3187 224 3248 quam
241 3166 281 3230 ad
299 3174 439 3231 statuam
464 3170 627 3252 confugit3
646 3170 728 3233 bunc
745 3169 823 3234 colit
840 3175 873 3232 ut
890 3168 1037 3252 Aegyptii
1058 3166 1260 3232 crocodilum.

129 3250 257 3315 Lotius⁸
290 3255 460 3334 persuadet
491 3255 535 3318 illi
567 3257 684 3331 omnia,
718 3277 799 3337 qrrae
823 3256 900 3318 vult.
947 3251 1069 3318 Morus⁷
1102 3252 1261 3318 cucullato

128 3337 250 3400 flamini
281 3339 463 3404 carissimus
486 3345 544 3403 est.
593 3341 676 3404 llaec
700 3341 762 3405 duo
785 3341 915 3404 rancida
939 3340 1022 3404 mala
1043 3340 1204 3421 imperant
1228 3340 1259 3402 in

130 3422 282 3486 Vallibus.
329 3423 422 3488 Paret
455 3425 625 3501 Duronius,
649 3428 713 3490 imo
736 3427 842 3489 servit.
888 3426 970 3501 Quid
1000 3424 1123 3488 multa?
1167 3423 1262 3488 Dedit

128 3509 259 3571 alteram
295 3509 422 3573 domum
457 3509 666 3593 Brengbyro.⁸
721 3512 770 3574 lta
803 3511 938 3574 dulciter
974 3511 1063 3574 afflat
1101 3509 1262 3573 Favonius

129 3595 394 3658 assentationum.
444 3595 488 3658 Ne
511 3599 617 3659 autem
650 3617 708 3660 nos
738 3618 866 3680 prorsus
897 3595 1048 3670 eliminet,
1084 3594 1261 3659 conciliabo

127 3680 275 3760 gratiam,
299 3681 417 3761 quibus
440 3681 563 3744 artibus
587 3687 705 3764 potero.
752 3681 840 3746 Satis
869 3682 951 3744 enim
981 3679 1068 3758 mihi,
1093 3681 1120 3743 si
1143 3680 1261 3758 faveat,

127 3765 207 3828 satis
237 3765 308 3843 tibi,
339 3767 365 3828 si
398 3771 430 3829 tc
460 3767 650 3830 honoratum
680 3789 748 3830 esse
779 3767 929 3847 patiatur.
976 3766 1067 3829 Hunc
1101 3765 1259 3829 adfinem

127 3851 258 3913 referam
283 3852 453 3915 artificium
477 3852 632 3915 solertiae.
680 3851 805 3916 Valebis
830 3872 951 3932 meque,
975 3856 1011 3915 ut-
1033 3851 1122 3927 facis,
1146 3851 1260 3933 diliges

129 3940 159 3997 et
194 3937 401 4017 respondebis
436 3938 653 4020 superioribus
687 3939 795 4001 literis.
855 3938 970 3999 llatum
1004 3936 1068 3998 XV.
1102 3936 1259 4001 Calendas

127 4022 285 4097 Quintiles
311 4021 467 4084 llllelll.

281 4105 342 4158 (bd.
362 4105 428 4159 Frcf.
448 4106 506 4160 297.

125 4194 331 4201 ——-—--

195 4241 209 4268 ⁸
223 4229 294 4278 corto
313 4244 360 4277 orn
379 4227 477 4278 llurula
1178 4290 1181 4295 .
1232 4291 1235 4295 ⁴

199 4297 206 4326 ¹
225 4294 268 4346 Br.
288 4296 347 4347 367.
402 4297 411 4326 ²
430 4295 558 4347 Dareine
578 4295 611 4346 ist
627 4295 663 4347 ini
685 4312 736 4347 ror.
755 4294 798 4348 ΒΓ.
818 4294 941 4347 cruribus.
996 4293 1076 4346 ³llor
1093 4290 1153 4346 stt.
1173 4292 1198 4345 S.
1211 4290 1260 4345 108

124 4363 158 4415 A.
180 4364 201 4415 l.
275 4362 420 4430 *Figulus
440 4364 481 4415 oin
501 4362 674 4415 Gotlraisclrcr
692 4362 813 4429 liunrpau
832 4364 878 4415 des
901 4362 1040 4416 Duronius.
1071 4360 1096 4414 S.
1115 4360 1166 4414 406
1183 4361 1214 4412 A.
1234 4363 1258 4413 o.

161 4429 713 4552 2llllltllalsslulllalllll
731 4431 761 4550 l·
787 4431 878 4552 &2⁰⁵5
895 4430 1036 4551 pepp.
1053 4427 1258 4551 Ss.23pp.13.

123 4634 141 4686 d
160 4565 171 4596 ⁸
189 4523 476 4688 {odocup‘glrolngbicr¹
487 4536 668 4621 ‘Got'haisclicr
686 4540 819 4621 Rbtslrorr.
848 4541 880 4620 ss
893 4566 944 4620 222
962 4569 992 4621 A.
1009 4540 1034 4619 «l.
1071 4538 1129 4633 ΙΨΗΙ.
1148 4537 1259 4617 Sctilusd

142 4649 171 4685 er
214 4639 294 4687 nm.‘
323 4665 348 4689 ι.
385 4640 408 4690 5,
