2774 4966
125 590 167 660 96
518 578 605 642 Briel‘e
623 602 673 640 von
696 576 873 642 1505-1508.

129 766 266 831 fuerunt.
305 762 445 829 Castella
460 766 553 847 capta
567 762 686 828 nostris
700 763 893 828 ademerunt.
929 761 1088 826 Inclinata
1102 765 1152 826 est
1164 759 1257 826 'acies

131 852 284 917 Caesaris.
330 850 455 926 Errant,
478 852 532 932 qui
555 850 701 914 fortunae
723 849 870 914 tribuunt
885 852 1032 913 eventum
1049 848 1132 913 belli.
1171 848 1257 912 Deus

130 945 188 1014 est,
212 938 352 1023 prolecto
375 938 460 1014 deus,
495 937 548 1019 qui
572 941 736 1018 corruptos
759 935 921 999 hominum
947 956 1057 1012 mores,
1088 941 1125 998 ut
1150 936 1257 1018 Augu-

131 1027 236 1090 stinus
251 1025 355 1100 refert,
382 1023 471 1085 bellis
488 1024 642 1087 emendat.
675 1021 786 1086 Gallus
802 1022 955 1105 superbit,
972 1021 1057 1085 uolat
1074 1022 1105 1084 in
1122 1021 1257 1098 coelum,

129 1113 185 1176 sed
216 1113 321 1195 aquila
351 1111 432 1192 repit
463 1111 558 1175 humi,
588 1110 654 1173 alas
685 1111 722 1171 ad
754 1114 868 1171 terram
898 1108 1032 1174 demisit.
1079 1106 1156 1184 Quis
1179 1107 1258 1171 talia

132 1199 224 1262 siccis
246 1198 356 1261 audiat
378 1196 501 1259 oculis?
546 1195 583 1258 N.
607 1218 645 1257 ex
671 1195 798 1257 vulnere
814 1195 915 1277 periit.
961 1193 1150 1258 Ceciderunt
1166 1193 1257 1257 belli·

132 1285 287 1348 cosissimi
311 1284 548 1347 Germanorum.
576 1280 668 1361 „Mali
686 1281 801 1346 culices
817 1303 975 1363 ranaeque
992 1280 1180 1363 palustres“'
1199 1280 1257 1343 tri-

132 1371 297 1454 umphant.
353 1369 429 1446 Quis
462 1368 676 1431 moderabitur
708 1367 796 1430 irae?
844 1368 1001 1448 „Demitto
1035 1367 1193 1432 auriculas
1222 1371 1258 1430 ut

133 1459 259 1540 iniquae
271 1457 387 1520 mentis
405 1453 530 1525 asellus,
547 1454 625 1517 Cum
638 1455 765 1534 grauius
781 1455 873 1517 dorso
889 1455 989 1518 subiit
1004 1451 1130 1518 onus.“¹
1155 1452 1255 1517 Oran-

133 1545 193 1608 dus
225 1548 274 1607 est
306 1541 461 1618 Christum
495 1545 532 1604 ut
564 1540 688 1603 indulta
724 1540 815 1603 uobis
846 1543 938 1605 venia
959 1543 1088 1606 domitis
1110 1540 1257 1605 hostibus

133 1651 241 1713 pacem
265 1631 410 1693 inserata
433 1628 627 1691 Germaniae.

289 1730 349 1784 (hd.
368 1729 435 1782 lhos.
454 1728 494 1782 78.

136 1921 228 1976 oolla.
669 1903 719 1966 88.
1184 1921 1256 1977 roos.

482 2030 624 2099 llutian
648 2050 695 2099 an
720 2030 899 2117 Spalatin.

135 2160 264 2227 (Herbard
293 2160 349 2212 wilt
379 2159 544 2214 Buccelorius
577 2160 621 2211 dea
654 2159 747 2212 Rechts
774 2161 880 2213 aserdan.
927 2161 1044 2214 Modicia
1070 2179 1106 2214 un
1134 2162 1259 2230 Holport.

314 2229 430 2298 Parque
448 2230 564 2297 rerlunpt
582 2229 735 2282 Beroaldus'
754 2228 842 2282 Motus
860 2235 944 2283 tamor
961 2231 1079 2298 eveniet.)

135 2345 269 2406 (taorgio
293 2343 455 2404 spalatino
480 2346 619 2405 impense
643 2343 744 2404 docto,
768 2345 864 2405 probe
891 2344 1014 2396 docenti
1032 2348 1064 2396 et
1081 2347 1166 2396 recte
1199 2345 1260 2396 dta-

197 2431 282 2481 oantl
299 2430 384 2491 apud
401 2431 583 2482 coenobium
602 2429 776 2481 sodalitatis
794 2432 1007 2482 Cisterciensis
1023 2432 1067 2481 M.
1085 2430 1197 2482 Rufus.

239 2540 270 2606 S.
316 2542 396 2619 Quid
431 2543 498 2626 agit
532 2541 716 2625 Spalatinus
748 2544 868 2608 amicus
902 2543 1048 2626 integer?
1097 2542 1172 2608 Sive
1203 2544 1262 2607 deo

137 2628 295 2711 supplicat
317 2635 353 2693 ut
378 2652 479 2713 saepe,
502 2636 664 2712 tamquam
690 2631 818 2712 pietatis
842 2630 997 2707 alumnus,
1021 2631 1086 2694 sive
1104 2629 1262 2713 professor

138 2721 300 2778 monastas
322 2717 427 2780 erudit
449 2724 484 2780 ut
508 2717 642 2800 saepius,
666 2717 732 2780 sive
755 2718 864 2780 studet
887 2723 920 2779 ut
937 2739 1073 2799 semper:
1098 2716 1263 2781 Mutianus

136 2824 206 2865 eum
236 2802 363 2865 salutat.
423 2804 620 2867 Herebordus
654 2808 761 2866 noster
791 2803 914 2866 triviale
942 2804 1021 2884 juris
1050 2801 1263 2867 tirociniuml'

138 2888 292 2970 deponere
319 2890 434 2953 statuit
459 2890 549 2971 jussu
580 2890 679 2971 patris
710 2896 741 2953 et
770 2892 848 2954 inire
872 2910 988 2953 novum
1015 2886 1263 2971 magistratum.⁸

138 2973 219 3053 Quid
247 2973 326 3036 fiet?
377 2975 678 3040 Jurisconsultorum
711 2976 860 3058 auspiciis
882 2981 913 3039 et
936 2977 1033 3039 ductu
1058 2975 1204 3040 baculum
1230 2975 1261 3038 in

140 3068 282 3143 apertum
299 3060 420 3124 referet.
466 3062 546 3139 Quid
564 3062 624 3125 hoc
635 3062 707 3125 est?
750 3063 883 3126 latronis
899 3062 1056 3125 humanus
1072 3069 1103 3125 et
1119 3062 1263 3125 eruditus

138 3156 171 3209 et
192 3147 330 3229 optimae
362 3147 477 3212 indolis
511 3171 549 3212 ex
584 3149 683 3212 latina
712 3149 840 3231 specula
867 3148 1036 3211 descendet
1059 3149 1089 3212 in
1114 3147 1264 3211 tenebras

138 3232 346 3296 Cimmerias⁰
395 3234 505 3298 Adhuc
536 3257 598 3299 non
622 3234 797 3316 intelligis?
843 3234 972 3299 Deserta
994 3235 1091 3298 sterili
1116 3234 1264 3317 quamvis

138 3318 318 3383 honestiore
347 3320 475 3384 officina
504 3320 672 3385 transferet
700 3343 733 3384 se
767 3322 805 3384 ad
835 3328 1011 3402 quaestum.
1075 3320 1174 3403 „Quid
1206 3320 1263 3393 ais,

139 3404 305 3469 Mutiane?
348 3407 469 3489 Expedi
494 3431 556 3472 rem
581 3428 643 3471 uno
667 3408 791 3471 verbo.“
839 3407 974 3471 Faciam.
1026 3409 1108 3488 Aget
1136 3412 1210 3470 acta
1232 3412 1265 3470 et

141 3493 332 3556 enumeratis
354 3494 438 3557 mille
454 3493 557 3576 legum
575 3495 733 3576 capitibus
746 3494 826 3575 juris
844 3494 1021 3558 bucularius
1041 3492 1263 3576 appellabitur.

140 3578 288 3642 Feliciter
321 3579 472 3660 proficiat,
505 3580 661 3663 quando‘l
691 3581 773 3662 patri
803 3585 835 3643 et
864 3582 931 3644 suis
957 3580 1017 3643 hac
1045 3582 1075 3643 in
1107 3603 1139 3643 re
1168 3579 1265 3661 grati-

140 3664 262 3735 ficatur.
286 3666 345 3729 etsi
369 3689 432 3729 rem
457 3666 553 3731 faciat
575 3690 593 3730 a
616 3689 673 3731 suo
696 3668 789 3748 genio
812 3666 957 3730 alienam.
1008 3667 1077 3731 Non
1109 3667 1191 3730 enim
1217 3670 1266 3729 eat

142 3752 271 3832 ingenii,
306 3752 490 3835 elegantiae,
524 3754 710 3819 eruditionis
745 3755 807 3817 ista
841 3755 929 3817 scire.
984 3751 1046 3816 Sed
1078 3754 1123 3816 ita
1164 3772 1265 3816 mores

143 3838 257 3914 ierunt,
285 3844 321 3902 ut
350 3841 444 3905 etiam
469 3840 500 3903 in
525 3842 697 3905 meridiana
722 3840 790 3903 lucc
814 3862 883 3903 cum
908 3841 1056 3921 Euripide
1079 3861 1201 3920 semper
1224 3837 1265 3900 sit

144 3924 353 3988 dubitandum
393 3934 424 3989 et
461 3949 530 3991 cum
570 3928 745 4011 Chrysippo
779 3928 808 3988 iu
846 3928 930 3990 omni
966 3927 1061 3989 verbo
1094 3925 1266 3989 scrutanda

142 4010 336 4092 ambiguitas
373 4019 405 4074 et
445 4036 514 4077 cum
553 4017 667 4096 populo
702 4012 878 4076 errandum.
935 4014 1053 4076 Damus
1089 4007 1265 4092 Hobgart0⁸

143 4098 319 4178 portionem
348 4100 552 4164 salutiferam.
599 4100 719 4164 Nereos
749 4101 906 4180 restringit
941 4107 972 4161 et
1000 4118 1037 4161 eu
1070 4097 1158 4161 labili
1190 4097 1267 4160 iacit

141 4183 297 4247 stabilem.
354 4187 470 4251 Gustct
504 4187 650 4268 pocillum
686 4185 819 4267 siugulis
854 4187 1030 4249 matutinis.
1088 4183 1211 4247 Valebit
1235 4192 1268 4245 et

211 4403 225 4431 ⁸
240 4390 281 4452 So,
300 4391 373 4443 nr'clrt
391 4390 489 4444 inserat.
527 4391 718 4459 btyrucinium.
755 4390 950 4458 ctmninorias.
987 4394 1097 4457 dquum
1118 4387 1192 4442 Tene.

215 4462 222 4491 ¹
240 4459 301 4513 Hor.
320 4459 372 4513 Sat.
392 4459 411 4513 l.
431 4462 454 4524 ῦ,
478 4462 515 4514 14,
587 4462 596 4492 ²
615 4460 676 4513 llor.
694 4461 746 4512 Sat.
766 4460 786 4524 Ι,
804 4464 828 4519 u,
848 4461 881 4513 20
898 4477 935 4527 sq.
1015 4462 1025 4489 ³
1044 4458 1096 4511 Das
1111 4458 1197 4525 jurist.
1216 4456 1268 4510 Βι-

143 4526 261 4581 tulerint.
280 4528 305 4580 S.
326 4531 357 4582 tu
373 4533 401 4584 A.
419 4532 439 4581 l.
511 4532 520 4560 ⁴
538 4529 586 4582 Ein
600 4529 747 4582 Fridcricus
759 4528 935 4597 Hopsgartcnu
948 4527 1139 4595 (Huphgartcu)
1152 4526 1267 4580 immatr.

142 4596 170 4647 in
188 4596 238 4651 Eri.
259 4598 312 4652 Ost.
335 4600 399 4652 1504
418 4599 461 4667 (W
471 4599 583 4651 cisson
593 4599 624 4664 h,
642 4599 676 4655 Π,
695 4599 765 4667 23ῦ),
782 4598 902 4652 Bakular.
923 4597 1103 4666 (tlopfgarren)
1124 4595 1198 4650 1507.
