2774 4966
545 38 550 57 r

543 64 548 97 ,¹

365 17 1311 319 =

125 546 189 678 36d
541 600 628 665 Briete
645 597 690 664 des
709 606 733 669 J.
753 602 827 665 1518.

50 824 53 831 ,
131 790 163 849 et
184 785 243 849 fori
266 786 394 866 ignarus
415 785 554 861 miretur,
578 805 642 866 qua
663 784 715 848 via
736 784 934 866 potissimum
956 784 1068 848 mulier
1087 783 1245 851 forensem

128 871 216 935 illum
247 871 404 934 turbinem
433 871 577 948 evaserit,
605 891 675 933 curn
705 871 803 953 prima
831 869 910 934 facie
932 870 1077 936 videatur
1098 869 1184 935 laesa
1205 892 1244 936 ao

129 958 246 1021 violata
281 957 365 1020 bona
398 957 489 1020 fides:
524 957 623 1020 dicam
660 956 805 1028 breviter,
838 958 921 1038 quod
945 959 975 1019 in
1000 962 1135 1020 mentem
1165 956 1245 1022 mihi

130 1043 225 1106 venit.
271 1043 346 1106 Erat
376 1042 464 1106 heres
492 1066 530 1103 ex
559 1040 649 1105 asse¹
696 1041 907 1106 Universitate
940 1042 1123 1106 hereditatis
1154 1042 1245 1106 adita

128 1129 361 1209 religiosissime
382 1128 538 1192 custodire
562 1127 666 1191 mariti
689 1128 881 1190 voluntatem
906 1128 1022 1192 debuit.
1067 1127 1142 1191 Jure
1172 1149 1244 1209 pro-

129 1214 229 1277 ditum
254 1215 355 1276 estin
381 1213 549 1276 pandectis
572 1221 603 1276 et
626 1213 740 1276 Codice
761 1213 935 1276 Justiniani
968 1214 1075 1277 multis
1102 1215 1242 1278 auctori-

129 1299 261 1376 tatibus,
284 1300 507 1380 aequissimum
526 1321 593 1360 esse
609 1320 769 1379 supremas
792 1322 913 1362 servare
939 1299 1125 1373 uoluntates,
1148 1306 1182 1362 et
1203 1298 1244 1363 de

130 1386 231 1468 pactis
253 1385 453 1467 disputantes
479 1384 696 1466 jurisconsulti
726 1406 896 1466 congruum
921 1406 988 1449 esse
1010 1385 1140 1449 tradunt
1168 1385 1243 1448 fidei

130 1471 297 1543 humanae,
320 1474 355 1533 ut
379 1492 423 1546 ea,
448 1492 528 1551 quae
553 1471 703 1551 placuere,
726 1475 896 1533 serventur.
944 1471 1054 1534 Dolum
1076 1471 1192 1534 malurn
1208 1470 1242 1534 in

132 1556 232 1619 bonae
255 1556 327 1619 fidei
350 1557 565 1620 contractibus
587 1555 637 1618 lex
662 1555 787 1638 Aquilia
803 1563 832 1618 et
849 1558 922 1619 item
942 1557 1026 1620 Julia
1041 1558 1241 1620 submovent.

129 1642 223 1705 Forte
246 1641 365 1723 placuit
387 1644 478 1705 uxori
509 1643 621 1705 marito
653 1642 809 1722 quondam
841 1665 897 1705 suo
929 1643 1093 1724 astipulari
1124 1664 1242 1706 renun-

131 1727 240 1790 tiando
278 1727 430 1790 beneficio
469 1727 619 1809 Bellejani
660 1725 957 1791 Senatusconsulti.²
1016 1727 1051 1791 Si
1084 1727 1114 1790 id
1145 1727 1242 1791 semel

131 1813 260 1896 placuit,
285 1834 366 1893 quae
390 1810 519 1876 malum⁸
543 1812 672 1894 pertidia
695 1820 753 1890 cst,
769 1813 907 1876 defuncti
926 1813 1040 1894 placita
1056 1813 1244 1889 rescindere,

131 1921 212 1980 quae
234 1899 326 1962 bouis
348 1899 515 1962 heredibus
544 1897 737 1962 intellexisse
766 1920 821 1980 pro
847 1899 916 1980 jure
942 1899 1007 1963 sit?
1051 1899 1120 1962 Non
1156 1899 1245 1963 favet

120 1985 237 2050 ,clienti
250 1991 323 2047 tuae
334 1984 536 2048 Innocentius
551 1984 629 2047 2111.
647 1986 748 2066 capite
765 1983 860 2065 „Cum
874 1986 1040 2066 contingat
1051 1984 1243 2063 interdum“,

129 2070 175 2134 De
204 2069 431 2151 jurejurando.⁴
476 2070 536 2134 Sed
571 2093 632 2134 non
667 2070 784 2151 profuit
814 2071 866 2152 jus
898 2072 1082 2134 canonicum
1116 2071 1146 2133 in
1182 2070 1244 2134 hac

131 2165 220 2239 parte
251 2156 315 2219 tuis
349 2157 543 2219 adversariis.
589 2157 697 2236 Neque
727 2157 758 2218 in
788 2156 903 2219 bonum
934 2162 965 2219 et
993 2177 1127 2237 aequum
1157 2157 1244 2219 aetio

129 2243 190 2305 fuit
212 2246 372 2322 concepta,
404 2264 504 2323 neque
535 2241 682 2304 heredum
706 2240 808 2304 officia
831 2248 862 2305 et
884 2243 985 2324 pietas
1017 2242 1087 2324 plus
1117 2241 1244 2305 valuere

130 2349 224 2410 quam
260 2326 476 2390 eluthenticab
512 2327 564 2408 „si
598 2326 695 2410 qua“⁵
731 2333 762 2390 et
784 2328 814 2390 id
838 2350 936 2408 genus
970 2328 1105 2409 propitia
1137 2328 1244 2408 legum

129 2435 203 2494 erga
226 2412 358 2475 feminas
382 2415 581 2495 praescripta,
606 2435 686 2494 quae
716 2412 829 2476 studiis
857 2414 935 2476 bene
964 2420 1040 2476 uota
1067 2414 1244 2477 recitantur

132 2501 165 2563 in
188 2500 274 2562 omni
298 2499 373 2562 loro.
418 2498 497 2561 Nam
520 2499 714 2580 legislatores
730 2502 760 2562 et
773 2499 945 2580 jurisperiti
961 2499 1096 2563 dotalem
1113 2520 1242 2562 causam

130 2584 283 2665 singulari
305 2584 408 2667 gratia
430 2584 478 2646 vel
501 2587 606 2666 potius
629 2584 714 2647 molli
738 2585 933 2664 indulgentia
955 2591 1187 2667 prosequuntur
1209 2590 1245 2648 et

131 2676 240 2734 vetant
273 2692 328 2752 pro
364 2671 485 2734 maritis
519 2692 633 2733 uxores
667 2670 841 2750 obligatum
873 2672 920 2746 iri,
951 2671 1016 2733 sive
1050 2672 1124 2752 quia
1157 2671 1244 2734 dotis

130 2778 234 2829 causa,
258 2761 295 2819 ut
317 2755 395 2819 libro
417 2755 481 2818 XV.
505 2757 543 2818 ad
568 2755 718 2819 Sabinum
743 2757 852 2819 scribit
875 2754 1091 2838 Pomponius,⁶
1120 2777 1244 2837 semper

130 2847 161 2905 et
184 2843 301 2924 ubique
331 2843 498 2924 praecipua
519 2848 567 2904 est
601 2843 743 2917 (interest.
773 2843 854 2904 enim
882 2842 1070 2923 reipublicae
1097 2841 1244 2905 mulieres

130 2928 232 2990 salvas
261 2927 376 2991 babere
403 2928 502 3002 dotes,
530 2950 599 2991 curu
628 2928 753 2991 dotatas
783 2950 850 2991 esse
878 2928 1011 2990 feminas
1033 2929 1073 2990 ad
1099 2927 1243 2990 sobolem

133 3013 355 3096 procreandam
401 3013 643 3096 replendamque
680 3012 786 3075 liberis
822 3014 981 3076 civitatem
1025 3014 1162 3076 maxime
1199 3014 1244 3076 sit

130 3101 363 3180 necessarium),
397 3100 462 3161 sive
495 3102 569 3180 quia
601 3100 796 3182 simplicitati
829 3121 923 3162 sexus
952 3099 1023 3180 jura
1054 3100 1171 3174 lavent,
1203 3121 1244 3161 ne

130 3190 256 3249 astutus
277 3190 310 3247 et
332 3183 416 3246 vafer
439 3187 570 3248 maritus
594 3186 750 3248 incautam
774 3189 805 3248 et
828 3185 1000 3266 simplicem
1028 3184 1159 3248 bestiam
1184 3206 1245 3248 sua

130 3271 363 3335 machinatione
388 3269 534 3351 decipiat.
576 3270 724 3346 Quamvis
746 3271 805 3333 hoc
822 3293 897 3334 aevo
915 3271 1013 3334 multo
1030 3272 1071 3332 sit
1087 3269 1245 3333 Galathea

130 3379 223 3437 quam
248 3357 420 3420 Meliboeus
443 3356 586 3419 solertior
608 3366 639 3419 et
661 3357 797 3419 stolatus
820 3356 945 3438 Ulysses
975 3357 1117 3419 callidior
1146 3378 1243 3436 quarn

133 3447 270 3523 sagatus.
314 3436 399 3505 lllud'
417 3447 522 3504 autem
545 3464 692 3525 perquam
716 3448 806 3506 acute
830 3443 1070 3517 consideratum,
1103 3443 1187 3523 quod
1211 3448 1245 3504 te

132 3534 264 3609 patrono
286 3528 387 3591 fuerat
409 3528 532 3591 heredis
555 3550 687 3610 persona
710 3536 831 3592 unitata
859 3551 929 3591 curn
961 3530 1078 3603 uxoria,
1101 3529 1132 3590 id
1156 3528 1244 3608 quod

131 3635 193 3678 non
230 3614 329 3677 solum
360 3615 390 3676 in
424 3619 593 3677 mercatore
620 3619 650 3677 et
681 3616 850 3677 exercitare
884 3614 1056 3677 stabulario
1089 3635 1244 3695 caupone,

130 3700 184 3762 sed
213 3700 244 3762 in
276 3699 359 3762 mille
392 3698 461 3762 aliis
494 3701 619 3763 casibus
653 3699 754 3763 locum
789 3701 904 3763 habere
939 3706 1049 3781 potest.
1095 3698 1244 3780 Exempli

131 3787 250 3865 gratia:
273 3787 325 3867 qui
349 3785 465 3866 allegat
487 3808 520 3848 se
543 3786 674 3849 coluisse
698 3786 833 3849 locat-um
856 3786 985 3849 fundum
1003 3793 1033 3848 et
1049 3806 1111 3848 nou
1130 3785 1247 3866 probat

131 3872 297 3934 locationis
329 3875 535 3948 contractum,
568 3878 641 3948 agat
676 3873 798 3935 actione
831 3873 1025 3952 negotiorum
1064 3877 1243 3952 gestorum:

135 3956 196 4038 ,Ut
229 3956 359 4019 fundum
392 3962 480 4020 tuum
515 3956 606 4033 colui,
639 3980 773 4039 aequum
797 3965 844 4020 est
868 3959 1037 4020 mercedem
1069 3979 1168 4019 meam
1194 3980 1245 4020 me

131 4042 310 4124 consequi.“
356 4043 415 4118 Qui
439 4044 619 4106 societatem
645 4065 706 4106 non
730 4044 851 4125 probat,
875 4048 949 4123 agat
973 4044 1130 4105 comnmni
1162 4044 1245 4106 diri·

130 4128 247 4206 dundo,
278 4130 350 4210 quia
378 4152 425 4191 res
452 4135 498 4191 est
528 4130 711 4193 connnunis.
759 4129 945 4191 Permissum
978 4137 1035 4205 est,
1070 4135 1104 4191 ut
1138 4131 1247 4212 inquit

197 4350 279 4403 arun.
349 4351 480 4404 bauthen.

200 4421 207 4450 ¹
227 4419 441 4470 Universalcrhe:
489 4423 498 4450 ἵ
515 4420 567 4472 Das
582 4424 687 4471 senatus
701 4420 847 4472 consultum
859 4419 1021 4486 l’ellejauuru
1032 4428 1106 4470 uuter
1118 4419 1247 4472 Claudius

134 4488 224 4540 rerhot
250 4488 292 4540 die
318 4487 506 4555 Burgsehalten
534 4489 580 4540 der·
607 4488 715 4540 lhaucu.
786 4489 909 4541 ³malurn
940 4488 1008 4539 hier:
1038 4505 1098 4540 zurn
1125 4488 1246 4541 Heulrer!

133 4558 200 4608 bern
221 4573 269 4608 ron
289 4556 322 4609 hl.
342 4557 490 4624 gebrauelrt.
551 4561 560 4588 ⁴
578 4558 678 4610 lleerct.
698 4558 772 4626 Grog.
792 4557 838 4611 lX.
857 4558 873 4609 l.
892 4557 925 4610 ΙΙ.
944 4558 982 4611 tit.
1002 4555 1043 4617 24,
1060 4557 1099 4609 28.
1153 4558 1246 4611 ⁵Cod.

133 4625 200 4676 lust.
219 4625 264 4681 ll'.
283 4626 323 4676 29.
343 4625 388 4679 22ι
408 4627 446 4678 »Si
465 4642 516 4694 qua
534 4627 637 4679 mulier<
656 4633 704 4678 etc.
774 4627 899 4694 ⁰lligest.
919 4625 1018 4693 XXIV,
1036 4628 1059 4679 3.
1080 4629 1102 4677 1.
