2774 4966
550 597 656 652 Mutian
674 613 709 650 an
728 595 852 651 Wsrliolu
1205 593 1269 658 249

138 775 243 839 literas
267 795 331 838 non
355 772 458 836 redde.
505 769 540 834 Si
564 770 747 846 reddideris,
779 768 855 832 nihil
887 769 947 832 erit
977 773 1093 832 actum.
1139 767 1268 832 Possem

137 861 197 924 alio
220 865 312 924 aceto
337 858 448 922 fricare
476 857 562 920 senis
585 879 686 932 aures,
710 857 735 919 si
760 855 881 918 vellem.
928 854 991 918 Sed
1014 855 1121 916 omnia
1143 857 1269 935 tempus

139 947 266 1010 habent.
315 944 398 1007 Vale.
444 942 552 1007 Natali
578 941 758 1023 Hieronymi
784 941 894 1016 nostri,
918 941 971 1021 qui
990 939 1065 1002 mihi
1083 960 1145 1002 non
1163 940 1268 1002 minus

137 1032 237 1096 festus
273 1035 332 1108 est,
368 1051 463 1113 quam
498 1026 644 1092 Michaeli
679 1029 746 1089 sive
782 1025 953 1101 Michaelis,
987 1026 1072 1088 docti
1111 1024 1267 1105 siquidem

137 1117 260 1182 faciunt
282 1114 516 1180 nominativum
538 1112 723 1176 Michaelus
738 1124 752 1152 ⁸

292 1216 353 1269 eod.
372 1215 440 1269 Frcf.
459 1214 518 1268 226.

137 1419 252 1489 (Gotho.)
667 1402 737 1465 196.
1091 1415 1160 1483 (ola
1181 1416 1267 1485 1512.)

494 1529 636 1597 Mutian
661 1549 708 1596 an
733 1527 922 1595 Wevlich.¹

186 1656 386 1727 (Empselrlunp
403 1657 535 1711 Herbords
552 1657 594 1710 bei
609 1657 696 1710 sciner
712 1657 871 1724 Beumbrum
889 1673 936 1708 raro
954 1655 996 1708 die
1014 1654 1216 1715 Dottorvuttrde.)

320 1771 483 1822 Muttanus
500 1770 602 1822 Rufus
620 1772 769 1832 magistro
787 1771 902 1822 Joanni
920 1769 1070 1820 Werlich.

238 1881 272 1946 S.
319 1883 444 1964 Accepi,
462 1884 636 1948 clarissime
653 1890 764 1959 rector,
783 1883 999 1947 Herehordum
1013 1881 1264 1963 jureconsultum

136 1973 206 2030 ate
230 1974 263 2032 et
286 1968 332 2031 tui
356 1969 525 2046 similibus,
559 1971 755 2051 gravissimis
777 1977 809 2033 et
832 1969 1026 2033 doctissimis
1060 1967 1145 2040 viris,
1180 1987 1266 2029 com·

136 2053 305 2135 probatum
330 2054 377 2117 iri.
423 2055 456 2118 Id
481 2055 559 2119 mihi
583 2078 654 2119 cum
678 2057 769 2119 multi
787 2056 918 2119 cottidie
936 2054 1022 2117 velut
1038 2050 1266 2134 gratulabundi

136 2159 188 2221 per
210 2140 364 2223 epistolas
386 2140 577 2222 significent,
608 2142 738 2222 gavisus
761 2164 831 2205 sum
855 2163 910 2223 pro
934 2162 1004 2203 mea
1026 2160 1101 2219 erga
1130 2138 1265 2219 patriam

136 2230 223 2288 tuam
261 2226 404 2303 caritate,
443 2226 527 2309 quod
565 2227 695 2290 tandem
736 2232 867 2291 senatus
912 2226 1130 2290 consultorum
1170 2222 1266 2286 talem

136 2311 297 2375 studiosae
319 2311 425 2392 legum
446 2312 609 2394 juventuti
632 2312 827 2395 praefecerit,
851 2313 974 2394 qualem
999 2311 1154 2374 hactenus
1169 2307 1266 2372 isthic

137 2395 165 2460 in
189 2397 376 2480 paraphrasi
399 2397 544 2479 legitima
566 2420 630 2462 non
654 2399 735 2462 vidit
757 2404 846 2463 aetas
869 2404 986 2462 nostra.
1031 2395 1142 2477 Neque
1171 2394 1265 2471 enim,

136 2483 218 2563 quod
242 2482 382 2547 sordium
407 2488 465 2560 est,
488 2484 635 2548 addictus
658 2485 744 2549 lucro
769 2484 890 2548 fumum
915 2483 1024 2547 vendit
1040 2485 1076 2545 ut
1092 2479 1265 2563 importuni

137 2568 274 2641 rabulae,
299 2569 354 2632 sed
378 2568 522 2633 fastidita
545 2570 694 2634 barbaria
716 2578 749 2634 et
772 2569 976 2634 cavillatoriis
999 2566 1124 2631 technis
1147 2587 1264 2646 susque

137 2653 235 2735 deque
271 2654 390 2717 habitis
426 2655 530 2719 fontes
563 2655 668 2737 legum
704 2657 866 2737 eleganter
898 2654 1051 2738 patefacit
1073 2657 1104 2716 et
1128 2652 1264 2715 evolutis

136 2737 257 2802 idoneis
289 2741 508 2821 scriptoribus,
539 2763 620 2823 quae
651 2743 771 2805 nodosa
795 2748 871 2805 sunt
901 2747 932 2805 et
961 2744 1173 2812 controversa,
1209 2759 1264 2820 pro

137 2824 216 2888 virili
252 2831 342 2889 curat
375 2826 533 2908 explicare
568 2849 639 2889 cum
676 2828 815 2891 maxima
852 2826 1079 2909 discipulorum
1115 2823 1263 2886 utilitate.

136 2907 245 2974 Verum
282 2933 352 2974 cum
387 2934 486 2975 novae
516 2912 634 2994 gloriae
665 2914 849 2995 plerumque
880 2935 985 2976 comes
1014 2910 1058 2974 sit
1081 2909 1209 2985 invidia,
1234 2913 1266 2972 et

137 3001 279 3078 spectata
303 2997 413 3074 virtus,
437 2998 498 3060 nisi
520 2997 675 3061 clarorum
698 3000 890 3063 auctoritate
914 2998 1084 3070 muniatur,
1102 3016 1194 3076 aegre
1211 2994 1264 3058 diu

137 3083 299 3160 consistat,
335 3103 429 3165 perge
464 3106 583 3165 quaeso
616 3083 721 3148 favero
755 3085 815 3148 civi
849 3104 1003 3166 generoso
1027 3087 1057 3145 et
1081 3082 1199 3144 diserto
1233 3084 1266 3142 et

136 3167 355 3249 amplitudinis
388 3173 462 3232 tuae
494 3169 639 3233 studioso
671 3175 703 3233 et
733 3171 810 3234 mihi
834 3171 917 3233 inter
951 3167 1162 3232 amicissimos
1196 3169 1264 3228 tum

137 3273 204 3317 caro
233 3257 304 3317 tum
336 3253 487 3334 jucundo.
533 3254 725 3319 Praesedisti
748 3261 783 3319 tu
807 3257 854 3319 vir
876 3257 994 3338 optime
1029 3252 1138 3316 multis
1172 3251 1265 3314 annis

138 3336 166 3400 in
190 3337 320 3402 theatro
345 3339 498 3403 bonarum
523 3342 639 3403 artium
665 3348 700 3404 ut
724 3343 946 3423 magistrorum
973 3338 1210 3403 literatissimus
1233 3340 1265 3400 et

136 3438 217 3488 nunc
239 3425 343 3488 totius
377 3426 421 3488 rei
453 3425 611 3490 literariae
645 3428 757 3491 merito
793 3429 916 3492 clavum
951 3432 1050 3500 tenes,
1086 3429 1121 3486 ut
1152 3422 1264 3503 juvare

136 3510 236 3589 possis
263 3531 439 3592 ornateque
463 3516 552 3575 tuum
577 3513 792 3576 Herehordum
818 3513 864 3575 vel
890 3513 956 3575 solo
981 3514 1070 3581 nutu,
1101 3507 1263 3587 suffragio,

136 3593 366 3659 benevolentia.
417 3597 529 3680 ltaque
563 3599 590 3661 si
624 3598 830 3681 professionis
864 3599 999 3662 honores
1033 3599 1064 3658 et
1098 3593 1265 3656 commoda

135 3681 270 3764 petierit,
302 3680 407 3763 plures
431 3684 514 3746 enim
538 3683 685 3747 ambiunt
708 3706 770 3748 non
795 3685 924 3767 perinde
955 3681 1040 3745 docti
1064 3684 1095 3742 et
1118 3679 1264 3756 modesti,

134 3788 193 3831 oon
219 3767 349 3830 recedas
371 3768 413 3831 ab
437 3790 542 3832 amore
575 3772 705 3852 patriae.
752 3769 860 3832 Civem
896 3770 1067 3850 egregium,
1102 3765 1263 3828 doctorem

133 3850 398 3916 humanissimum
431 3854 584 3918 studiosis
614 3856 699 3918 omni
731 3861 871 3938 tempore
902 3876 1025 3918 summa
1050 3852 1168 3932 pietate
1191 3870 1264 3931 pro·

132 3937 330 4020 sequendum
361 3941 623 4020 competitoribus
653 3947 820 4024 antepone,
845 3946 880 4004 ut
903 3940 1031 4022 gloriari
1054 3936 1183 4000 tandem
1207 3934 1265 3998 ali·

131 4024 262 4106 quando
285 4024 379 4088 nobis
402 4024 496 4090 liceat
510 4030 566 4089 tuo
585 4027 746 4102 beneficio,
770 4027 901 4105 auxilio,
927 4025 1082 4108 praesidio
1104 4023 1263 4085 firmatam

131 4114 325 4190 auctamque
363 4110 461 4174 fuisse
497 4111 668 4176 Herehordi
715 4112 878 4194 Margariti
923 4112 1122 4192 dignitatem.
1178 4106 1263 4183 Vale,

130 4195 369 4279 spectatissime
391 4198 642 4278 gymnasiareba.

289 4294 353 4348 Cod.
371 4295 438 4349 Frcf.
458 4296 515 4350 237.

197 4428 214 4456 ⁸
228 4413 300 4467 siau
317 4415 375 4467 sive
387 4457 392 4470 .
405 4455 410 4467 .
422 4457 428 4468 .
438 4415 584 4470 Michaelis
601 4418 719 4471 Currum:
739 4434 798 4471 narn
813 4418 878 4471 hau·
889 4418 972 4469 fornia
984 4417 1067 4468 (locris
1077 4415 1169 4482 placet.
1188 4411 1262 4464 Vale.

200 4484 209 4515 ¹
226 4481 280 4535 Joh
344 4483 424 4537 erlich
446 4484 598 4554 (flvvcrlich)
618 4487 718 4539 Erfurd.
740 4487 859 4540 Bacnlar.
876 4486 950 4550 1481,
965 4485 1031 4551 Mag.
1048 4485 1121 4536 1493.
1152 4480 1264 4534 Zwoitur

127 4548 229 4629 Rektor
245 4551 294 4604 dor
336 4551 476 4605 niversitr'it
495 4555 574 4607 1512:
592 4556 632 4610 Jo.
652 4556 777 4608 tluerlich
795 4555 924 4624 Erphurvl.
945 4553 1008 4622 phil.
1027 4558 1054 4606 ot
1071 4550 1160 4619 theol,
1173 4552 1261 4620 partae

126 4618 197 4674 ooch
214 4617 324 4689 eossega
360 4619 424 4689 (fbf.
443 4619 532 4692 Matr.)
