2774 4966
547 623 652 679 Mutian
669 639 705 677 au
722 621 821 679 Urbes.
1174 618 1238 685 379

123 802 199 884 quia
228 797 370 863 edentuli
396 800 483 863 sunt.
528 797 654 873 Quanto
676 794 849 878 sapientior
871 799 919 859 est
941 790 1106 876 Petrejus‚'
1124 791 1180 874 qui
1194 792 1240 856 sio

124 884 266 952 exaravit
293 886 326 948 in
356 883 503 967 epistola:
541 882 631 964 ,Ideo
665 881 854 946 sententiam
881 903 945 945 non
971 878 1046 958 lero,
1073 880 1148 961 quis
1175 899 1239 943 uon

125 970 297 1052 intelligo.“
345 969 427 1045 Quid
450 971 532 1033 enim
556 967 739 1049 improbius,
762 989 856 1050 quam
881 967 1000 1031 indicta
1022 987 1117 1030 causa
1132 986 1240 1047 quem-

123 1060 210 1142 piam
233 1056 404 1121 damnare?
448 1056 517 1119 Non
542 1054 724 1135 intelligunt
744 1053 796 1118 isti
813 1054 897 1117 simii
913 1059 1065 1117 ettamen
1085 1051 1238 1134 judicant.

122 1145 211 1210 Nihil
234 1148 401 1208 assumunt
424 1143 461 1205 de
484 1162 551 1218 suo,
579 1140 633 1203 sed
663 1140 757 1204 verba
782 1140 910 1204 Arnoldi
938 1145 1111 1213 resumunt,
1140 1137 1240 1220 inepti

122 1230 246 1296 scilicet
275 1229 459 1294 imitatores.
506 1226 676 1309 Augustini
702 1227 841 1307 regulam
869 1226 1034 1291 adducunt
1058 1225 1132 1289 olim
1165 1223 1258 1287 mihi

122 1318 249 1381 lectam.
295 1315 371 1395 Legi
405 1315 488 1379 enim
519 1314 626 1377 omnia
648 1311 819 1394 Augustini
841 1334 922 1395 quae.
945 1316 1073 1377 exstant
1094 1331 1190 1393 opera
1211 1312 1243 1374 et

122 1402 257 1486 junctim
287 1401 372 1464 edita
399 1398 660 1464 circumferuntur
681 1421 700 1462 a
723 1398 914 1482 bibliopolis,
938 1398 1023 1479 quod
1048 1395 1242 1479 simpliciter,

126 1511 189 1553 non
213 1490 397 1567 arroganter
419 1487 537 1550 dictum
563 1484 664 1548 velim.
709 1484 772 1550 Sed
794 1485 848 1548 illa
870 1485 976 1565 regula
998 1486 1038 1548 ad
1061 1482 1242 1548 Platonicos

125 1573 257 1639 refertur
288 1571 335 1636 vel
367 1574 471 1656 potius
504 1571 714 1647 Manichaeos
749 1592 828 1652 quos
861 1569 1006 1635 Aurelius
1040 1570 1133 1634 initio
1165 1590 1241 1633 suae

127 1659 324 1725 credulitatis
358 1659 550 1723 imitabatur.
595 1656 653 1720 Est
674 1662 706 1720 et
728 1656 805 1720 illud
828 1659 860 1720 in
886 1656 1039 1722 Arnoldo:
1074 1655 1170 1739 ,Cum
1201 1676 1241 1719 ex

127 1746 232 1810 verbis
254 1747 381 1810 incaute
405 1744 535 1827 prolatis
557 1765 649 1826 saepe
672 1765 755 1808 error
776 1743 895 1808 oriatur
910 1747 943 1806 et
956 1739 1141 1820 baeresis“,²
1157 1740 1242 1824 quod
1308 1758 1312 1765 '

126 1856 165 1897 ex
189 1833 379 1914 Hieronymo
402 1852 471 1901 meo
495 1831 674 1895 desumtum
705 1834 769 1893 est:
800 1829 935 1911 denique
961 1829 1039 1894 nihil
1062 1830 1123 1903 hio,
1157 1827 1242 1910 quod

128 1940 189 1982 non
224 1922 298 1981 ante
333 1917 469 1981 Arnoldo
499 1917 541 1981 sit
571 1917 729 1997 provisum
760 1919 791 1979 et
813 1917 961 1999 positum.
1007 1913 1145 1979 Tametsi
1178 1935 1242 1979 uon

126 2011 208 2087 apte.
254 2003 335 2080 Quid
359 2005 441 2067 enim
473 2002 679 2066 barbssculus
702 2008 734 2064 et
756 2002 849 2066 homo
882 1999 1039 2084 sophista*
1073 2004 1243 2083 componat

127 2091 220 2155 laude.
253 2089 409 2172 dignum?
462 2088 635 2153 Mutuum⁸
673 2090 749 2152 muli
781 2087 925 2152 scabunt.
982 2086 1118 2152 Colonos
1154 2087 1243 2151 forda

127 2177 270 2259 sequitur
303 2180 335 2240 et
369 2176 470 2258 mugit
503 2175 563 2240 hoc
596 2175 702 2240 ruodo:
745 2173 874 2257 ,Totius
911 2196 1036 2258 quoque
1073 2172 1243 2239 venerandi

127 2263 252 2345 collegii
273 2261 482 2327 excellentiss.
507 2261 669 2326 doctorum
700 2258 908 2343 'theologicae
940 2260 1114 2325 Facultatis
1147 2258 1245 2325 studii

128 2349 334 2423 Coloniensis
358 2347 550 2412 contratrum
574 2352 671 2431 atque
693 2347 850 2412 lautorum
874 2351 1051 2412 nostrorum
1076 2347 1108 2411 in
1131 2367 1243 2410 aevum

127 2432 374 2500 colendorum.“⁸
419 2435 518 2505 Audis
552 2433 724 2498 blanditias
758 2433 906 2499 insulsas.
951 2433 1010 2499 Est
1031 2433 1127 2499 etiam
1149 2432 1245 2497 trater

127 2527 231 2586 vester
252 2521 353 2585 Janus
376 2520 539 2584 Reuchlin.
585 2521 677 2584 Hunc
699 2521 844 2585 occiditis
860 2518 963 2604 impii,
983 2524 1020 2584 ut
1033 2521 1123 2585 livori
1140 2522 1244 2583 vestro

127 2607 341 2672 satisfaciatis.
389 2606 540 2671 Profertis
571 2607 671 2689 ipsius
704 2609 963 2689 protestationem
994 2612 1026 2671 at
1052 2607 1114 2670 vim
1142 2626 1245 2687 gram-

127 2696 263 2759 maticae
298 2698 353 2756 aut
386 2694 514 2778 logicae.
571 2693 639 2759 Ohe
670 2693 762 2757 Jesu!
797 2694 900 2776 qualis
937 2693 1089 2758 caecitas!
1146 2692 1246 2756 Parva

128 2785 268 2863 captant,
294 2802 408 2862 magna
436 2800 497 2843 non
528 2777 715 2858 observant,
747 2781 848 2844 instar
880 2784 1074 2859 venatorum,
1104 2779 1160 2862 qni
1189 2800 1245 2861 pro

127 2867 298 2950 lepusculis
320 2868 450 2949 capiunt
465 2867 634 2941 erinaceos,
648 2868 663 2906 ¹>
685 2889 724 2929 ne
740 2868 831 2931 vacui
847 2866 972 2930 domum
989 2867 1128 2931 redeant.
1165 2863 1246 2944 Quid

128 2954 282 3018 tandem?
327 2952 427 3017 Hodie
461 2954 669 3031 cantavimus,
705 2952 785 3016 duos
818 2952 963 3017 Ewaldos
997 2952 1113 3019 Christi
1147 2956 1247 3016 testes

129 3039 363 3118 collaudantes:
403 3038 592 3121 ,Absterget
625 3040 701 3104 deus
734 3060 858 3103 omnem
892 3039 1052 3105 lacrimam
1078 3039 1120 3104 ab
1147 3039 1247 3103 oculis

129 3132 310 3190 sanctorum
346 3131 377 3189 et
406 3125 470 3209 jum
505 3147 567 3190 non
602 3128 662 3190 erit
694 3126 831 3209 amplius
863 3148 966 3208 neque
1002 3125 1107 3191 luctus
1144 3145 1247 3207 neque
1340 3154 1344 3161 ·

130 3213 256 3289 clamor,
281 3211 336 3275 sed
360 3234 416 3275 nec
439 3211 522 3276 ullus
545 3212 642 3289 dolor,
672 3214 850 3295 quoniam⁰
883 3214 987 3296 priora
1019 3210 1243 3278 transierunt.“

129 3297 290 3363 Transivit
313 3296 465 3362 Reuchlin
491 3300 682 3380 perignem,
705 3299 760 3362 sed
783 3298 911 3364 illaesus
934 3300 1124 3382 permanet⁰l
1146 3301 1247 3363 aeter-

129 3407 213 3448 num.
259 3384 346 3466 Ignis
368 3389 473 3448 autem
496 3384 768 3467 theologistarum,
797 3385 827 3449 id
851 3390 900 3449 est
922 3386 1051 3462 invidia,
1085 3405 1247 3469 nunquam

129 3472 360 3551 exstinguetur.
405 3469 475 3534 Nou
506 3473 566 3534 erit
587 3472 691 3535 luctus
725 3478 757 3535 ct
788 3472 904 3536 clamor
931 3477 962 3536 et
990 3472 1078 3536 dolor
1100 3473 1132 3536 in
1155 3471 1248 3536 domo

128 3557 212 3631 dani,
246 3557 437 3620 sanctissimi
471 3558 570 3639 patris
607 3559 716 3633 nostri,
750 3558 804 3639 qui
839 3557 991 3622 divinitus
1022 3559 1069 3622 ita
1091 3558 1246 3640 loquitur:

133 3643 234 3726 ,Male
258 3648 388 3727 pereant
404 3643 589 3707 incendiarii
605 3643 768 3720 librorum,
785 3648 915 3727 pereant
929 3666 1039 3708 omnes
1054 3644 1132 3708 talia
1148 3664 1249 3726 aequo

128 3730 236 3794 animo
271 3728 414 3792 terentes.
460 3728 621 3793 Percutiat
643 3752 696 3793 eos
719 3729 795 3794 deus
817 3734 969 3811 egestate,
1000 3730 1096 3808 febre,
1123 3728 1249 3811 frigore,

128 3815 247 3889 ardore,
283 3819 384 3892 aestu,
418 3823 487 3879 a‘e're
523 3820 669 3899 corrupto
702 3838 739 3879 ac
770 3814 926 3897 rubigine,
964 3816 1063 3880 donec
1099 3820 1249 3900 pereant;

129 3902 285 3983 percutiat
308 3924 360 3964 eos
383 3901 484 3964 ulcere
509 3903 652 3984 Aegypti,
668 3901 774 3964 scabie
797 3906 828 3965 et
851 3903 1021 3983 prurigine,
1038 3904 1083 3967 its
1097 3906 1134 3966 ut
1149 3902 1249 3967 carmi

130 3992 307 4070 nequeant3
339 3989 495 4069 percutiat
523 4010 577 4051 eos
607 3989 747 4051 amentia
769 3994 801 4050 et
823 3989 976 4051 caecitate
1003 4011 1040 4052 ac
1067 3990 1170 4053 lurore
1192 4009 1251 4052 nec

130 4072 278 4152 habeant,
296 4075 350 4153 qui
367 4073 479 4137 liberet
502 4096 572 4151 eos3
596 4075 762 4138 tradantur
781 4074 927 4153 Satanae,
944 4079 980 4138 ut
995 4077 1127 4157 spiritus
1143 4074 1250 4140 salvus

184 4274 210 4318 ,a
224 4257 326 4310 mulum
346 4256 418 4310 Terea.
473 4258 634 4313 herinacios.
690 4274 706 4331 ,ο
720 4276 802 4328 quum
823 4260 895 4315 Tene.
957 4261 1012 4313 diu
1028 4260 1087 4329 sript
1106 4260 1179 4316 Pena.
1197 4261 1250 4315 οἶοι.

199 4330 205 4359 ¹
226 4327 334 4380 Damals
352 4327 448 4381 bereits
466 4328 491 4379 in
511 4327 612 4381 ltulien.
649 4328 705 4382 Von
729 4330 819 4382 seinen
837 4329 941 4382 Brieten
958 4346 1006 4383 uus
1024 4330 1090 4383 Rom
1107 4329 1144 4384 ist
1161 4330 1251 4384 keiner

128 4413 162 4448 an
189 4394 290 4449 Mutiau
317 4396 442 4449 erhalton.
479 4396 536 4450 Nur
554 4397 618 4449 zuei
636 4413 669 4450 an
688 4397 789 4451 Vndian
807 4414 854 4451 sus
871 4397 938 4452 Rom
958 4401 997 4452 15.
1016 4402 1077 4452 1111.
1097 4416 1122 4453 u.
1140 4400 1164 4454 9,
1183 4403 1250 4470 Aug.

131 4466 199 4518 1514
224 4464 344 4518 befindeu
371 4465 429 4518 sich
447 4466 472 4516 111
491 4466 538 4518 dor
563 4465 682 4519 Vndinna
704 4482 738 4519 zu
760 4466 797 4523 St
818 4466 916 4522 Gallan.
987 4468 1167 4523 ’Geichtalls
1193 4468 1251 4522 eino

129 4532 211 4587 Stelle
236 4535 282 4587 des
305 4534 357 4588 Ert.
381 4534 549 4589 Gutaehtens.
585 4535 660 4588 Tenc.
678 4533 703 4590 S.
723 4535 780 4591 100.
850 4536 931 4590 ³Dec
953 4536 1046 4591 Dekau
1067 4539 1114 4591 dor
1135 4537 1253 4591 Edurtsr

129 4602 242 4673 theolog.
271 4602 394 4657 bunut
418 4602 552 4657 Hermann
578 4603 672 4674 Sergaa
689 4620 741 4658 von
757 4604 878 4673 Doratea,
896 4606 943 4659 dor
967 4606 1015 4660 das
1041 4605 1189 4661 Gutaohtsn
1213 4605 1252 4660 im

129 4670 233 4727 Numen
251 4672 298 4728 der
316 4671 437 4729 smnus
453 4671 544 4743 abgsb.
615 4675 626 4706 ⁴
642 4672 724 4728 Stella
741 4674 788 4729 das
802 4674 1044 4735 11116111111111,
1071 4675 1150 4731 uam
1165 4674 1196 4730 S.
1209 4675 1262 4733 su.

1367 4792 1383 4907 l
