2774 4966
548 622 653 686 idatian
670 647 704 686 an
723 619 822 686 [lrbab.
1179 624 1242 696 365

128 828 288 881 conserva,
307 827 345 868 ne
363 804 492 869 veniant
513 803 544 866 in
571 825 684 868 manus
706 803 746 867 M.
762 815 776 844 ⁵
798 804 996 868 consectanei
1012 799 1239 867 Lotianorum.¹

127 893 246 968 Nescis,
265 890 397 967 Urbane,
416 890 526 962 nescis,
544 892 585 953 mi
601 889 737 965 Urbane,
759 895 878 972 quanta
894 891 936 953 sit
951 890 1065 953 civium
1083 889 1213 951 istorum
1228 887 1242 925 δ

128 978 277 1042 simulata
314 978 425 1058 pietas.
470 975 585 1039 Balant
617 997 702 1038 more
735 978 848 1039 ovium.
896 981 918 1038 Α
955 983 1043 1057 tergo
1080 975 1242 1037 lancinant

129 1066 228 1127 instar
263 1063 415 1144 luporum.
461 1060 529 1124 Non
566 1084 636 1124 amo
669 1063 785 1136 fucum,
820 1084 880 1125 non
915 1083 983 1123 sum
1018 1061 1153 1133 invidus,
1187 1060 1241 1122 sed

128 1150 230 1213 cultor·
253 1149 391 1210 sincerae
415 1147 565 1209 veritatis
611 1147 679 1211 Non
705 1147 832 1210 fastidio
863 1147 1005 1221 minores,
1036 1167 1098 1209 non
1129 1166 1241 1226 sperno

132 1235 289 1315 aequales,
312 1233 366 1295 sed
389 1241 496 1314 aperto
520 1237 644 1314 pectore
668 1233 806 1314 praefero
831 1232 945 1296 bonnm
963 1232 1056 1310 malo,
1073 1231 1241 1295 candidum

132 1322 231 1402 nigre,
255 1320 388 1381 amicum
412 1317 576 1392 adulatori,
601 1339 662 1382 non
686 1325 791 1381 tamen
816 1324 852 1381 ut
874 1320 1009 1381 rusticus
1024 1339 1133 1401 aspere
1148 1317 1242 1380 nimis

131 1412 163 1470 et
185 1407 342 1480 atrociter,
365 1405 419 1467 sed
442 1405 554 1485 partim
589 1404 784 1467 connivendo
807 1404 921 1487 partim
945 1402 1146 1485 indulgendo.
1183 1400 1242 1465 Hic

130 1490 284 1568 Scballns,
307 1489 534 1552 Bacchantium
556 1491 833 1570 arrogantissimus
862 1494 894 1553 et
924 1491 1063 1553 omnium
1095 1486 1241 1569 bipedum

131 1576 386 1658 gloriosissimus,
424 1575 503 1638 elam
541 1575 646 1637 forsan
684 1576 806 1638 audivit
849 1575 1049 1656 Spalatinum
1087 1572 1241 1655 parturire

126 1663 215 1744 jussu
246 1661 436 1724 Maecenatis
467 1662 565 1723 nostri
598 1660 787 1739 Sagsonicos
816 1661 956 1736 annales,
990 1662 1055 1723 sive
1077 1660 1109 1723 id
1131 1658 1243 1722 Lotins

129 1749 196 1810 sive
219 1747 383 1810 blusardus
406 1745 596 1828 patefecerit.
642 1745 738 1809 Novit
760 1746 935 1829 principum
959 1747 1064 1810 studia
1085 1750 1114 1808 et
1131 1766 1241 1808 mores.

134 1834 262 1910 Quaerit
285 1831 457 1912 gloriolam,
481 1853 543 1912 qua
566 1838 656 1912 parta
679 1853 736 1895 nos
759 1833 942 1913 supprimet,
965 1831 1091 1895 Latium
1108 1829 1242 1906 attollet,

131 1924 163 1982 et
194 1918 274 1980 dicet
299 1940 332 1979 sc
354 1924 479 1980 auctore
502 1939 538 1980 ac
562 1922 689 1999 parente
717 1919 875 1982 conditam
902 1916 1078 1994 historiam,
1105 1937 1162 1979 suo
1189 1914 1243 1979 ad-

130 2003 279 2068 miniculo
314 2003 481 2085 profecisse
515 2002 722 2084 Spalatinnm.
768 2003 844 2079 Quis
875 2002 954 2066 ferat
986 2003 1104 2066 indocti
1137 2022 1240 2084 gram·

131 2090 272 2152 maticnli
289 2093 410 2151 tantam
427 2088 650 2151 insolentiam?
682 2092 788 2171 Apage
800 2090 895 2151 istum
909 2088 1040 2151 fatuum.
1072 2087 1245 2150 i‘acessanr

131 2177 210 2238 istae
244 2174 440 2255 quisquiliae.
485 2173 568 2236 Bene
603 2176 739 2238 consulit
772 2173 964 2257 Spoletinus,
995 2181 1032 2236 ut
1054 2174 1149 2237 index
1182 2171 1243 2236 sibi

132 2258 246 2324 detur.²
292 2260 384 2335 Quin,
408 2263 444 2322 nt
466 2259 567 2322 dicam
591 2259 674 2340 quod
697 2261 809 2338 sentio,
840 2261 976 2342 spoliata
1004 2267 1051 2323 est
1076 2259 1139 2341 jam
1168 2257 1241 2321 olim

137 2347 190 2410 illa
211 2346 346 2408 libraria.
392 2345 471 2422 Vidi,
495 2344 625 2408 lustravi
649 2348 782 2427 penitus.
828 2345 914 2409 Nihil
931 2347 1081 2427 praeclari
1103 2349 1244 2407 remanet

134 2436 293 2495 ettamen
321 2432 381 2493 iste
407 2427 555 2511 nugator³
586 2433 722 2494 carmine
752 2437 857 2512 turget
879 2436 911 2495 et
932 2431 1097 2514 pollicetur
1130 2450 1242 2494 aureos

133 2523 265 2581 montes
310 2516 465 2597 lntelligis
492 2516 576 2579 Lotii
605 2517 720 2580 dolum.
765 2517 898 2598 instigat
933 2539 1017 2594 snos,
1050 2521 1087 2581 ut
1120 2519 1243 2579 nostros

134 2603 296 2683 deprimat.
344 2601 493 2665 libutitur
515 2601 710 2683 Hieronymi⁴
733 2607 765 2666 et
785 2603 895 2666 talium
919 2602 1068 2687 hospitali
1087 2601 1242 2682 colloquio

133 2695 165 2751 et
186 2689 261 2751 serit
285 2687 390 2750 lolium
421 2693 453 2751 et
480 2688 643 2751 zizaniam.
688 2687 793 2752 Habes
821 2710 891 2752 cum
920 2688 1104 2770 Someringo
1133 2685 1243 2770 Spala-

132 2773 260 2836 tinum.⁵
315 2773 406 2836 Nunc
438 2775 543 2854 accipe
577 2772 799 2839 Herebordnm.
854 2773 1003 2839 Ostentat
1035 2796 1068 2838 se
1102 2773 1180 2836 mihi
1212 2775 1244 2835 et

131 2860 324 2941 triumphare
356 2858 457 2940 jactat
486 2860 526 2922 ob
557 2859 677 2922 forense
711 2859 929 2941 patrocinium.
974 2859 1081 2923 Amice
1108 2858 1186 2922 facit
1212 2861 1244 2921 et

132 2946 268 3009 secunda
302 2965 421 3007 mecum
452 2945 671 3021 communicat,
701 2945 785 3028 quod
812 2946 982 3009 amicornm
1012 2951 1069 3009 est.
1114 2942 1243 3009 Gaudeo

134 3037 166 3094 et
190 3031 338 3112 gratulor.
385 3029 447 3093 Sed
469 3032 617 3110 qnoniam
642 3031 829 3094 ambitiosus
851 3037 900 3094 est
922 3038 953 3094 et
976 3031 1094 3095 multos
1110 3031 1172 3095 ista
1187 3051 1245 3094 ana

132 3119 218 3179 inani
247 3116 432 3197 gloriatione
462 3116 593 3179 offendit
621 3118 714 3179 etiarn
744 3117 853 3180 doctos
876 3122 907 3180 et
929 3116 1144 3199 praestabiles,
1174 3116 1243 3179 ideo

133 3203 235 3265 facete
272 3202 398 3284 palpum
435 3202 570 3265 obtrudo
607 3208 637 3264 et
670 3203 761 3283 quasi
798 3202 950 3266 subdolus
989 3202 1133 3266 laudator
1168 3207 1244 3266 taxo

132 3289 309 3369 superbiam
333 3286 392 3350 sab
415 3288 517 3370 speeie
540 3285 787 3367 gratulationis‘
831 3287 1037 3352 Examinabis
1065 3288 1190 3352 aculeos
1213 3291 1245 3351 et

136 3374 270 3437 indolem
295 3374 415 3437 cordati
437 3374 609 3436 monitoris.
656 3373 769 3455 Aperte
792 3395 855 3438 non
883 3379 987 3456 potest
1017 3375 1140 3454 corrigi,
1170 3373 1244 3454 qnia

133 3461 252 3542 respuit
273 3481 388 3521 verum.
434 3459 584 3522 Latenter
607 3460 762 3535 docemus,
785 3466 821 3522 ut
836 3460 986 3523 admittat
1000 3465 1032 3522 et
1047 3458 1138 3523 litum
1154 3458 1245 3523 melle

133 3547 258 3609 sorbeat
280 3545 468 3607 antidotum.
514 3545 631 3620 Quodsi
663 3567 724 3609 non
754 3545 949 3627 purgabitur,
976 3546 1031 3609 sed
1058 3544 1244 3608 medicinam

134 3653 188 3712 pro
211 3631 281 3694 cibo
305 3631 457 3707 conficiet,
489 3633 627 3693 sinemus
658 3630 814 3694 hominem
844 3637 1006 3712 aegrotare
1029 3635 1061 3695 et
1082 3629 1244 3712 superbire

134 3739 203 3780 curn
233 3739 290 3780 suo
320 3717 443 3780 damno.
489 3716 639 3798 Sigillifer
671 3716 754 3780 dolat
776 3738 794 3780 a
817 3739 850 3780 se
880 3722 1057 3799 promotum
1084 3739 1152 3780 esse
1178 3720 1243 3780 tarn

134 3802 249 3866 elatum
285 3801 467 3866 doctorem.⁷
521 3803 554 3865 ld
589 3802 664 3865 mibi
698 3801 806 3865 frater⁸
839 3802 906 3885 ejus
938 3824 1032 3884 supra
1065 3803 1246 3866 nominatus

133 3889 280 3952 narrarit.
326 3888 407 3951 Sunt
430 3889 547 3966 etalii,
570 3888 685 3969 quibus
706 3887 779 3952 odio
802 3893 850 3952 est
868 3888 1034 3970 jactantia.
1076 3887 1244 3970 Utcunque

200 4123 213 4150 a
227 4110 305 4162 etiarn
323 4114 385 4161 stntt
403 4108 437 4161 li.
458 4109 530 4161 Tana.
553 4109 627 4162 Coa:
647 4125 681 4160 m.
750 4108 831 4160 unm
848 4107 956 4160 Marde:
976 4107 1189 4162 Hersfcldienses.

204 4180 210 4209 ¹
229 4178 262 4232 Μ.
283 4180 316 4231 ist
334 4177 470 4230 Musardns
488 4179 524 4246 (S.
544 4179 593 4230 212
612 4181 641 4231 A.
660 4179 695 4244 6).
714 4194 760 4228 ver
772 4178 864 4229 dassen
883 4176 1072 4230 Fronndschalt
1090 4177 1137 4229 mit
1154 4176 1245 4230 Lotius

136 4244 234 4299 llntian
254 4249 289 4298 ost
307 4264 392 4313 gunnig
410 4252 497 4300 namt.
552 4251 561 4279 ²
578 4247 694 4314 Spalatin
713 4246 784 4298 hatte
804 4246 841 4297 bei
862 4246 908 4297 dor
926 4245 1049 4313 Ordnung
1067 4245 1114 4297 der
1130 4245 1244 4298 Witten·

135 4315 226 4381 frangor
243 4316 390 4368 Bibliotlrok
410 4333 484 4367 ernon
504 4316 612 4383 liatalog
631 4315 754 4382 verlangt,
768 4331 821 4367 was
840 4313 874 4365 ld.
894 4313 985 4382 billigt,
999 4314 1083 4367 dadie
1094 4314 1245 4367 Bibliothelr

135 4384 215 4436 sebon
244 4385 332 4436 lriilrcr·
358 4385 510 4451 gepli'rndert
536 4387 639 4437 worden
666 4385 710 4437 sei.
788 4382 941 4436 ³Scl1allus
1019 4383 1116 4435 ⁴Hier·¹
1144 4383 1247 4449 Sclrurf,

137 4454 203 4505 l'rof.
222 4454 268 4505 der
288 4453 383 4505 lleclrtc
402 4454 426 4504 in
447 4454 615 4520 lt'ittenborg.
652 4453 709 4521 vgi.
724 4450 858 4516 Muthor,
878 4456 933 4504 Aus
950 4451 974 4504 d.
994 4451 1244 4506 Ueiens-ucel-

135 4521 195 4574 Leb.
220 4523 254 4573 im
280 4522 379 4574 Zeitalt.
399 4524 422 4573 d.
442 4521 496 4574 aar.
523 4522 548 4576 S.
570 4522 709 4574 lte-⁶229.
732 4522 875 4574 llo-toi.
945 4519 1030 4572 ’ben
1051 4519 1139 4573 Inhalt
1160 4520 1245 4573 seinos

135 4589 242 4644 Bneles.
312 4592 323 4622 ⁶
341 4590 404 4642 Dies
426 4590 485 4642 thut
508 4591 542 4644 M.
561 4592 597 4643 im
616 4591 674 4658 lolg.
698 4590 739 4642 ΒΓ.
810 4588 913 4643 'Naeh
935 4587 978 4642 Br.
1003 4589 1050 4641 221
1075 4589 1246 4657 promovierte

134 4658 214 4712 Catio.
251 4659 337 4712 Daher
354 4659 428 4712 beide
448 4660 584 4715 identisclr.
619 4659 644 4714 S.
663 4659 711 4712 277
729 4659 760 4710 A.
781 4660 802 4712 l.
873 4655 1002 4710 ⁸Bruder
1018 4657 1081 4711 oder
1097 4656 1208 4711 Vettor?
