2774 4966
414 39 1383 293 Η-

170 607 234 672 468
590 601 676 662 Briete
693 599 740 663 des
758 609 783 664 J.
803 604 878 664 1514.

170 778 266 844 minis
296 779 413 853 amisit,
444 784 478 843 et
507 781 580 843 dum
609 780 810 863 antiquarius
838 802 908 845 esse
935 783 1047 862 voluit,
1085 782 1314 851 dehonestavit

170 864 303 929 latinam
329 867 507 929 orationem
532 870 564 928 et
587 867 720 930 maculis
743 870 776 929 et
799 866 913 930 scabie.
959 868 1081 932 Hessos
1104 874 1214 934 antem
1236 892 1313 936 cen-

172 950 356 1013 didissimus
391 956 448 1019 est,
484 952 598 1013 tersior
635 972 729 1031 quam
766 951 910 1014 Bossius¹
947 954 1095 1034 quamvis
1130 955 1247 1020 doctus
1280 962 1313 1020 et

172 1035 317 1116 diligens
363 1037 523 1117 copiosior
568 1058 662 1117 quem
703 1035 921 1100 Ptrilomusus²
959 1041 1020 1101 etsi
1059 1041 1247 1119 ingeniosus
1280 1049 1313 1106 et

170 1121 317 1184 disertus.
366 1121 446 1196 Quid
471 1121 604 1184 multis?
648 1121 736 1184 illius
759 1120 926 1200 Reginae,³
949 1144 1029 1205 opos
1053 1125 1311 1207 pulcherrimum,

173 1205 267 1287 plane
290 1207 397 1287 arguit
419 1227 577 1269 summum
602 1207 718 1269 aetatis
742 1214 870 1269 nostrae
893 1212 926 1271 et
948 1211 1041 1289 quasi
1064 1210 1208 1274 divinum
1239 1233 1310 1275 ease

172 1295 309 1373 poetam.
357 1290 450 1354 Hunc
473 1311 545 1354 ama
568 1295 605 1354 nt
627 1292 865 1355 amicissimum.
911 1290 995 1358 Vale.

325 1389 386 1443 Cod.
405 1389 472 1443 mer.
491 1389 549 1442 393.

175 1541 291 1612 (cotra.)
699 1526 771 1593 399.
1048 1545 1101 1610 (21.
1119 1546 1187 1615 nug.
1209 1547 1313 1619 1514.)ι

546 1655 692 1725 Mation
715 1673 763 1724 en
787 1653 926 1725 Urban.

169 1781 262 1848 (Br'ttet
279 1781 321 1834 ca·
335 1781 480 1850 Krinhhmg
498 1783 541 1836 die
560 1759 698 1851 ier-aprina
716 1783 922 1851 Rr'icklr'esermry
939 1783 983 1837 des
1000 1783 1186 1837 Damascenis
1203 1801 1242 1838 zu
1254 1791 1310 1840 ent·

419 1852 582 1919 eclrutdigen.
627 1852 688 1904 ti'ns
705 1853 751 1903 der
769 1853 936 1904 Rmcntrcna
958 1853 1026 1904 toste
1033 1852 1056 1919 1²)

226 1965 413 2024 cumprimis
430 1966 571 2024 honesto,
590 1964 907 2024 domm-considerato
925 1966 1044 2015 homini
1061 1965 1102 2016 H.
1121 1966 1254 2018 Urbano

513 2062 568 2100 suo
586 2051 762 2101 necessario
779 2051 824 2100 Μ.
842 2050 953 2101 Βιιῆιε.

274 2162 309 2227 Si
333 2163 429 2239 vales,
453 2163 533 2226 bene
558 2165 615 2225 est.
662 2161 705 2224 Ut
728 2162 758 2223 in
784 2182 886 2242 pauca
913 2162 1070 2225 conseram
1103 2160 1189 2244 (utar
1220 2162 1306 2226 enim

167 2254 200 2313 te
233 2248 386 2330 magistro
424 2247 618 2326 brevitate)
652 2247 798 2328 ignoscat
828 2247 905 2310 mihi
935 2254 1011 2311 tuus
1041 2245 1307 2329 Kyrcbbergius,⁸

169 2335 257 2416 quod
280 2331 512 2398 Damascenus²
536 2355 600 2397 non
624 2337 689 2395 tem
714 2332 857 2396 celeriter
886 2333 1037 2396 redditur.
1083 2331 1153 2414 Ago
1183 2333 1307 2414 gratias

168 2421 236 2484 viro
260 2421 355 2497 bono,
380 2419 570 2502 philosopho
594 2418 688 2494 bono,
712 2419 775 2480 imo
799 2418 946 2499 deiloquo
969 2423 1003 2481 et
1024 2417 1213 2500 famigerato
1230 2440 1308 2483 con·

167 2507 332 2572 tionatori.
367 2507 431 2587 qui,
465 2510 502 2568 nt
535 2504 641 2580 audin,
675 2504 866 2566 amicissime
898 2505 1042 2586 loquitur
1075 2510 1108 2568 ct
1133 2505 1236 2568 sentit
1267 2505 1306 2568 de

168 2597 277 2655 nostro
307 2592 449 2665 Eobano,
479 2590 527 2653 sui
556 2589 678 2652 ordinis
708 2589 800 2652 facile
835 2590 984 2671 principe.
1036 2587 1084 2651 Tu
1114 2589 1208 2654 velim
1240 2591 1305 2654 cito

167 2678 289 2741 reddas.
336 2676 406 2739 Non
440 2675 581 2751 decebat,
614 2680 650 2736 ut
683 2695 782 2737 novos
807 2681 953 2756 sumptus
983 2675 1081 2738 iaciat.
1103 2697 1176 2738 mea
1199 2677 1303 2757 culpa.

168 2762 270 2827 Semel
296 2764 372 2825 emit
395 2768 573 2824 auctorem:
599 2760 724 2822 lrabeat.
771 2760 840 2822 Mea
864 2783 948 2822 nunc
972 2761 1114 2837 interest,
1139 2766 1303 2824 uternam

167 2850 200 2910 in
224 2849 386 2911 nundinis.
432 2847 646 2926 Conquiescat
669 2846 721 2908 illo
744 2849 776 2906 et
799 2845 921 2908 fruatur
945 2867 1042 2908 usura
1065 2850 1196 2911 sauctae
1215 2847 1305 2910 tecti-

166 2935 247 2996 onis
293 2933 352 3010 Me,
377 2938 412 2995 ut
436 2932 532 2994 debes
554 2935 586 2993 et
609 2932 703 3006 soles,
726 2951 798 2992 arna
821 2936 941 2994 mutuo.
990 2931 1047 2994 Dic
1069 2933 1302 3012 pretiumserti

167 3019 293 3099 lapilli.⁸
340 3017 493 3080 Fetellisti
518 3038 628 3078 canem
653 3020 686 3078 et
709 3037 850 3078 anserem
876 3021 994 3079 temere
1017 3015 1177 3098 pejerans.
1222 3015 1304 3080 Mihi

166 3111 273 3168 autern
298 3123 361 3167 non
385 3104 459 3166 licto
483 3101 591 3164 officio
616 3100 827 3180 simulataque
859 3102 1038 3170 sedulitate.
1070 3102 1124 3164 sed
1156 3109 1304 3167 amanter

166 3197 198 3255 et
232 3189 426 3273 perbenigne
460 3187 656 3250 satisfecisti.
703 3185 786 3261 Vale,
820 3189 992 3250 amicornm
1028 3189 1302 3252 constantissime.

168 3276 215 3338 Ex
237 3275 370 3339 aedibus
394 3274 523 3336 nostrie.

322 3374 383 3427 Cod.
403 3372 468 3425 Frct.
488 3372 546 3425 394.

166 3527 282 3597 (cotra.)
695 3508 768 3572 400.
1077 3524 1117 3578 22.
1136 3526 1204 3593 nug.
1225 3527 1302 3580 1514.

543 3633 689 3703 Mutian
711 3654 759 3702 an
783 3632 922 3702 Urban.

166 3762 378 3831 (Beidcrseitiger
397 3762 585 3816 [admiremus.
623 3761 748 3829 Spoletin
767 3766 847 3812 nerent
865 3758 958 3812 Eoborr-
975 3760 1023 3812 den
1041 3760 1179 3814 dcirtcrlrm
1203 3761 1302 3830 tergat.

169 3836 256 3885 orme
279 3850 315 3885 an
339 3832 396 3883 Jolae.
425 3831 525 3883 Heesus
550 3832 578 3883 vir
605 3830 725 3882 Brcslou.
766 3832 849 3895 (legen
877 3829 999 3879 Dr'etnrar
1024 3831 1082 3881 tired
1109 3829 1197 3881 Set-edo
1224 3848 1302 3883 irrues

164 3902 215 3952 enit
236 3907 342 3965 Strcngc
361 3917 534 3967 rnrygqorrgen
564 3899 669 3949 ner-den.
706 3898 831 3964 tremine
860 3898 887 3948 in
916 3897 1066 3963 ditentur-g.
1104 3898 1228 3964 Eiristrrss
1256 3901 1302 3951 der

440 3967 573 4019 Lotinner.
615 3966 755 4032 it'rrmnmy
775 3983 819 4016 ror
839 3965 1025 4032 eriereuermy.)

538 4082 579 4131 Η.
598 4081 726 4130 Urbano
744 4080 788 4129 M.
806 4078 917 4129 Ruttre.
1022 4108 1025 4114 -

268 4191 299 4255 S.
345 4190 413 4272 Ego
436 4213 509 4254 vero
533 4191 699 4254 devinctus
722 4189 787 4253 tuis
815 4211 888 4271 erga
912 4211 961 4253 me
983 4188 1098 4252 officiis
1125 4192 1158 4250 et
1187 4189 1300 4253 multis

166 4283 199 4339 et.
218 4276 314 4358 justis
340 4277 477 4339 nondum
504 4277 583 4339 satis
607 4281 763 4338 statutum
789 4276 901 4352 habeo,
926 4298 965 4337 an
990 4275 1121 4359 parsit,
1145 4277 1184 4335 ut
1207 4279 1296 4338 tuam

236 4410 286 4463 ¹8.
306 4410 357 4463 3‘28
383 4413 412 4462 Α.
431 4411 455 4462 b.
527 4410 636 4461 'Jacob
663 4409 771 4461 Inchor.
807 4407 901 4462 8.17ῖ
928 4412 957 4460 A.
979 4410 1000 4461 l.
1072 4407 1124 4460 ³3.
1143 4408 1196 4460 466
1221 4412 1254 4462 Λ.
1273 4410 1297 4463 3.

200 4480 210 4510 ⁴
227 4477 281 4530 Dos
294 4478 391 4530 Datum
404 4477 504 4545 orgiebt
517 4477 573 4529 sich
588 4478 707 4529 eusdem
726 4477 785 4544 solg.
805 4476 848 4528 Br.
902 4478 913 4508 ⁵
932 4475 990 4543 Vgl.
1000 4475 1186 4527 »laconismum
1198 4480 1299 4529 tuum«

165 4544 208 4597 Br.
227 4545 285 4598 389.
339 4546 464 4599 ο8434
484 4549 514 4599 Α.
535 4548 557 4600 1.
613 4545 697 4598 ⁷v0n
715 4545 771 4597 Jec.
790 4544 880 4598 Faber.
908 4543 934 4597 S.
952 4546 1004 4595 434
1024 4546 1052 4597 A.
1073 4546 1095 4596 l.
1114 4544 1138 4595 3.
1187 4544 1298 4598 ⁸Einee

165 4628 226 4667 zum
244 4613 397 4667 Geschenke
415 4615 458 4668 rer
475 4612 614 4682 Ptetsrnger
631 4613 800 4667 bestimmten
818 4611 1022 4666 Rosenkrenzes.
1058 4611 1083 4664 S.
1103 4612 1154 4664 475
1173 4614 1205 4666 A.
1224 4615 1250 4670 5.
