2774 4966
448 613 552 676 iiutian
570 637 604 674 an
624 621 714 676 Urbau
733 618 787 673 und
807 619 934 675 Harbord.

125 896 223 965 (Gotha
239 897 302 950 oder
320 898 515 966 Georgenthal.)
664 901 714 964 73,
831 934 833 939 ,
1104 895 1253 964 (mcc-8.)

344 1034 488 1105 Mutian
511 1035 590 1105 und
612 1035 738 1105 Urbau
761 1055 808 1104 an
831 1034 1028 1103 Hemoda*

123 1171 386 1238 (Srdmer'ctredrustes
405 1171 468 1224 dher
486 1173 617 1225 Herdords
630 1172 713 1238 Brr'cf.
749 1171 807 1223 Fur·
820 1171 937 1224 Herdoni
948 1171 990 1222 dr'c
1004 1170 1079 1223 urea.
1096 1170 1145 1236 [ἄν
1165 1160 1254 1224 dibon

167 1242 225 1294 und
244 1241 354 1294 Mation
371 1241 417 1293 der
436 1241 560 1295 Hirrrrnrl.
598 1242 725 1308 Drolnrnp
742 1242 793 1293 mir
811 1241 883 1292 door
900 1240 1085 1307 br'srlriistirlrerr
1103 1239 1210 1302 dioclet.)

178 1365 249 1414 Duo
276 1367 414 1416 seniores
431 1377 532 1427 unum,
552 1367 711 1416 ethnicum
740 1365 960 1424 philosophum
987 1363 1204 1413 Herebordum

547 1453 670 1503 nomine
689 1451 838 1501 salutant.

233 1570 348 1652 Accepi
372 1571 479 1634 literas
501 1575 575 1635 tuas
601 1572 710 1655 plenas
734 1570 922 1634 eruditionis
945 1566 1121 1649 antiquae!
1159 1569 1257 1634 Grata

129 1660 206 1718 sunt
232 1656 412 1731 admodum,
444 1679 525 1738 quae
550 1658 672 1735 scribis
705 1680 768 1721 non
792 1664 856 1720 tam
882 1656 921 1718 ob
947 1657 1046 1736 ipsam
1071 1657 1256 1732 doctrinam,

131 1755 355 1824 quamquam·
377 1746 418 1807 ob
436 1766 502 1807 eam
528 1766 663 1826 quoque,
688 1766 782 1826 quum
806 1749 934 1826 propter
957 1742 1092 1805 indolem
1117 1743 1257 1805 suavita-

131 1835 257 1910 temque
283 1831 404 1911 ingenii
426 1831 485 1893 tui.
532 1831 612 1894 Nam
637 1836 758 1893 remota
780 1836 856 1892 sunt
879 1829 919 1891 ab
944 1851 1001 1891 usu
1033 1828 1258 1905 ecclesiastico,

133 1934 214 1994 quae
234 1915 292 1978 tibi
316 1917 475 1998 proponis,
499 1923 530 1980 et
546 1917 621 1981 olim
639 1923 670 1980 et
687 1938 785 1998 nuper
801 1921 833 1978 et
845 1915 910 1997 jam
939 1914 1077 1996 explosa.
1124 1914 1157 1977 Si
1174 1916 1257 1977 enim

135 2006 168 2061 te
188 2005 350 2084 tantopere
374 2002 510 2066 delectat
534 2003 602 2085 ipsa
622 2009 715 2074 terra,
741 2003 904 2083 permittas
927 2000 998 2064 aliis
1015 2000 1136 2064 coelum
1152 2001 1257 2084 suspi-

140 2107 205 2147 cere
226 2094 255 2150 et
276 2089 337 2169 piis
360 2088 478 2151 fabulis
502 2090 569 2151 niti.
617 2090 696 2152 Nam
722 2089 837 2169 recepti
861 2109 970 2150 sumus
994 2087 1024 2148 in
1049 2087 1182 2150 tutelam
1208 2087 1258 2149 dei

141 2171 266 2236 virentis
300 2180 332 2238 et
363 2175 499 2238 fatemur
533 2197 603 2238 cum
638 2175 793 2256 apostolo
829 2180 991 2256 peccatum
1016 2195 1083 2236 esse.
1107 2174 1258 2255 quicquid

145 2264 225 2321 extra
256 2260 347 2323 fidem
380 2266 436 2324 est.
494 2260 601 2324 Fidem
628 2262 761 2325 dicimus
785 2281 846 2323 non
871 2260 955 2322 itiam
980 2260 1137 2323 dictorum
1160 2261 1259 2323 facto-

147 2364 264 2426 rumque
284 2347 509 2421 constantiam,
524 2349 538 2386 ἲ)
563 2348 616 2410 sed
643 2348 821 2429 opinionem
847 2346 885 2408 de
906 2346 1001 2409 rebus
1017 2346 1142 2422 divinia,
1166 2347 1258 2428 quasi

151 2432 291 2507 quandam
315 2433 473 2515 publicam
498 2434 717 2497 credulitatem
742 2439 773 2495 ct
797 2433 990 2495 fructuosam
1014 2433 1257 2514 persuasionem.

155 2512 193 2575 Ea
220 2524 337 2582 tantum
373 2519 471 2600 pollet
503 2520 586 2601 apud
621 2542 731 2583 omnes
765 2525 886 2600 gentes,
920 2525 956 2582 ut
987 2519 1132 2581 credatur
1165 2519 1260 2601 vulgo

157 2601 232 2665 nobis
248 2605 335 2669 datas
352 2628 421 2668 esse
437 2605 540 2669 claues
556 2608 645 2688 regni
662 2605 828 2669 coelorum.
876 2604 1027 2685 Quisquis
1043 2606 1139 2687 igitur
1156 2605 1260 2668 clares

158 2692 261 2781 nostras
289 2692 505 2772 contemserit,
537 2692 660 2756 clarum
690 2698 723 2755 et
756 2692 876 2754 clavam
911 2692 1037 2754 sentiet.
1096 2692 1260 2754 Cornelius

157 2767 243 2853 impos
256 2785 364 2842 auctor
378 2789 391 2816 ⁰
413 2782 463 2842 est
484 2778 657 2861 Pomponio
682 2779 787 2841 Attico
811 2782 924 2840 natum
946 2778 1043 2840 fuisse
1065 2777 1189 2840 clarum
1213 2779 1261 2840 in-

159 2860 317 2927 sanabilem.
364 2864 508 2928 Herculis
530 2869 562 2927 et
584 2864 736 2946 Diogenis
760 2864 881 2927 claram
907 2863 1023 2926 vidisti.
1069 2863 1134 2926 Nos
1165 2864 1263 2945 igitur

160 2950 277 3023 pastores
299 2954 331 3014 et
355 2951 495 3032 episcopi
523 2951 699 3033 (presbyter
729 2951 811 3013 enim
844 2955 876 3012 et
904 2952 1069 3032 episcopus
1097 2950 1129 3011 in
1153 2951 1262 3014 multis

163 3028 223 3095 iocis
241 3058 395 3100 sacrarum
419 3037 582 3100 literarum
606 3038 687 3099 idem
712 3038 799 3112 sunt)
822 3037 934 3118 grandi
959 3042 990 3099 te
1012 3037 1101 3098 clava
1118 3037 1261 3100 verbera-

161 3113 252 3194 bimm,
284 3124 343 3186 nisi
375 3123 536 3186 mandatis
571 3124 687 3186 nostris
722 3123 789 3185 zelo
825 3121 953 3203 publico
982 3122 1258 3204 obtemperaveris.

160 3198 355 3272 Contradices:
388 3209 538 3290 „clericus
569 3217 699 3290 portans
733 3231 820 3271 arma
843 3209 1141 3283 excommunicetur,
1167 3211 1260 3272 item:

162 3307 210 3350 uon
233 3295 270 3357 sit
297 3316 462 3377 percussor
491 3295 593 3358 bonus
616 3295 771 3358 sacerdos.
817 3294 949 3357 Frustra
973 3295 1069 3375 igitur
1094 3297 1186 3358 minis
1210 3319 1259 3358 me

160 3378 285 3443 tenetur
334 3381 376 3444 At
397 3382 510 3456 nescis,
530 3403 611 3463 quae
634 3383 700 3444 siut
723 3403 810 3443 arma
833 3381 958 3444 detonsi
982 3386 1013 3443 et
1035 3382 1122 3443 uncti
1145 3383 1260 3462 gregis.

159 3459 321 3547 Accepimus
344 3467 382 3530 de
413 3471 538 3548 pectore
572 3467 733 3550 Serapidis
768 3468 925 3548 magicum
957 3467 1179 3544 characterem,
1211 3471 1261 3532 cui

157 3544 231 3614 taus
245 3551 404 3617 Galilaeus
425 3554 648 3617 auctoritatem
665 3554 761 3616 dedit.
786 3553 845 3616 llla
862 3555 963 3633 figura
980 3554 1126 3633 fugamus
1145 3554 1262 3632 hostes,

157 3633 289 3703 adicimus
318 3661 475 3713 nummos
511 3639 603 3703 deum
634 3661 863 3715 consecramus,
898 3639 1031 3702 Tartara
1063 3642 1262 3704 concutimus

157 3722 322 3789 ettae-imus
356 3726 524 3802 mirabilia,
548 3728 614 3789 siro
647 3727 799 3789 coelestes
831 3729 897 3788 sire
927 3726 1083 3802 scelestes,
1123 3728 1199 3790 nihil
1223 3731 1264 3792 ad

155 3827 215 3887 rem,
235 3813 405 3876 dnmmodo
427 3814 526 3876 simus
550 3813 634 3874 beati
657 3812 746 3875 Joris
769 3811 928 3893 epulones.
976 3811 1057 3874 Vale.

705 3897 816 3961 Senior
839 3898 1002 3961 Mutianus

702 3991 735 4048 et
758 3983 904 4048 Urbanus
927 3985 1043 4046 senior.

288 4085 351 4138 Cod.
372 4082 437 4137 Frui.
456 4086 479 4138 3.

203 4340 217 4368 ι
230 4342 299 4396 qumi
318 4341 391 4379 uam.
462 4323 675 4377 bconstanciam.
745 4323 872 4377 cnuthor.

205 4398 286 4450 ¹Dcr
332 4395 383 4448 rici
405 4393 485 4447 bietct
510 4410 556 4445 zur
577 4392 762 4457 Bestimnumg
791 4393 876 4459 uenig
903 4391 1118 4459 Arrhaltspunttc.
1166 4394 1202 4448 Er
1231 4396 1264 4448 ist

143 4464 257 4519 rrhmnd
281 4466 355 4518 eines
379 4462 513 4516 Besuches
536 4461 651 4514 Mutians
668 4462 695 4513 iu
724 4461 896 4527 Georgeuthat
921 4462 983 4512 odor
1007 4462 1108 4515 Urbuns
1131 4464 1156 4516 in
1180 4468 1265 4518 (iotha

140 4534 317 4599 aeschrieben.
389 4534 399 4565 ²
417 4531 474 4585 Von
493 4531 624 4584 Herbords
643 4530 746 4583 Bricteu
766 4531 810 4582 hat
823 4530 881 4581 sich
895 4546 941 4581 nus
955 4530 1125 4584 crtlr'trlictren
1139 4535 1265 4587 Urtiudcu

145 4603 231 4657 temer
248 4604 378 4657 erhattcn.
414 4600 439 4654 S.
460 4601 492 4653 12
510 4604 540 4654 A.
562 4603 583 4653 1.
