2774 4966
517 659 622 713 Mutiau
640 675 674 713 an
693 643 821 715 Herbord.
1164 643 1225 725 307

109 833 248 915 Uterque
271 837 401 897 mortem
426 854 515 895 suam
540 832 628 895 obiit.
673 831 811 895 Meuiani
835 835 948 914 petunt
972 831 1146 914 portionem
1165 833 1227 895 sibi

107 921 257 998 debitam,
289 941 369 1002 quos
396 919 504 999 Sejani
539 919 783 983 contradicendo
816 918 1005 981 submovent
1036 918 1227 981 adminiculo

108 1007 373 1088 praescriptionis.
420 1005 643 1086 Digladiantur
676 1005 757 1067 inter
787 1026 819 1067 se
848 1005 1013 1084 utriusque
1043 1006 1142 1087 partis
1172 1003 1228 1067 ad-

108 1093 222 1155 vocati.
269 1091 417 1174 Vespill0,
440 1090 656 1153 Menianorum
674 1091 813 1164 tubicen,
830 1089 922 1152 homo
939 1090 1024 1153 valer
1040 1095 1071 1152 et
1087 1091 1227 1165 callidus

108 1178 257 1262 proponit
290 1201 352 1241 non
387 1176 515 1240 obstare
550 1179 615 1239 suis
652 1177 901 1240 adversariorum
939 1177 1226 1257 praescriptionem,

108 1269 274 1347 propterea
297 1263 381 1344 quod
402 1262 509 1344 justus
532 1264 614 1325 desit
637 1263 759 1325 titulus.
803 1261 881 1343 Ejus
903 1268 1008 1325 autem
1026 1265 1121 1325 verba
1136 1267 1227 1326 sunt:

106 1349 191 1422 „Vno
208 1357 256 1409 urs
274 1354 395 1423 utputa
411 1355 492 1409 ruba
515 1351 695 1428 arripuerit
718 1349 851 1409 rrtstrrn¹
877 1351 937 1422 aad
960 1350 1081 1422 rujurtn
1104 1356 1228 1423 nuptu.“

107 1434 204 1498 Novit
227 1456 263 1498 ea
280 1456 360 1515 quae
373 1435 543 1498 traduntur
558 1456 627 1497 curn
645 1434 743 1497 aliubi
759 1438 824 1497 tum
843 1432 876 1496 C.
894 1433 939 1496 De
956 1434 1201 1515 praescriptione
1214 1444 1229 1473 ⁸

107 1521 196 1583 XXX
221 1519 400 1596 annorum,²
424 1522 477 1583 sed
496 1521 593 1583 veluti
614 1521 745 1583 Proteus
769 1520 905 1583 elabitur
928 1527 959 1583 et
982 1518 1092 1595 effluit,
1116 1519 1228 1601 plenus

108 1608 230 1670 scilicet
268 1608 427 1682 rimarum,
461 1612 491 1669 et
526 1607 628 1669 varias
666 1608 847 1687 captionum
886 1605 1001 1668 lorinus
1040 1606 1227 1687 praetendit.

109 1692 256 1757 Cohortis
280 1714 352 1755 vero
369 1691 501 1772 Sejanae
518 1713 629 1775 praeeo
647 1693 803 1773 persuasit
827 1693 1001 1755 duumviris
1024 1692 1228 1756 decurionum

107 1784 209 1843 ratam
240 1800 308 1842 esse
340 1783 372 1841 et
401 1778 442 1842 ob
473 1779 504 1841 id
535 1778 683 1859 adjuvare
715 1799 789 1841 suos
822 1778 1110 1859 praescriptionem.
1155 1777 1228 1841 ldeo

110 1865 267 1929 duumviri
301 1864 483 1927 interlocuti
512 1873 587 1928 sunt
616 1865 676 1927 hoc
705 1864 815 1927 modo:
851 1862 885 1926 Si
919 1863 1053 1944 Vespillo
1081 1863 1229 1946 probabit

109 1950 247 2014 Meuium
283 1955 314 2013 et
348 1949 455 2031 Sejum
489 1974 551 2014 non
586 1951 730 2014 divisisse
762 1949 996 2031 patrimonium,
1031 1950 1227 2030 profuturum

109 2037 191 2119 parti
225 2058 300 2099 suae
335 2036 489 2117 petitrici3
530 2040 578 2099 sin
609 2041 714 2100 autem
751 2037 881 2118 probare
918 2035 1096 2115 nequiverit
1128 2035 1228 2100 berci-

110 2123 248 2186 scundae
272 2119 427 2186 familiae³
450 2128 585 2186 tractum
610 2123 707 2185 fuisse
730 2123 911 2203 perlectum,
936 2128 1012 2184 tunc
1035 2123 1230 2186 adversarios

107 2209 311 2291 jurejurando
344 2230 502 2272 evasuros.
555 2209 603 2271 Ab
637 2208 696 2272 bac
729 2208 865 2291 Vespillo
897 2210 1055 2270 sententia
1087 2209 1229 2271 resiliens

109 2295 282 2378 appellavit
315 2293 439 2376 judices
475 2294 602 2377 majoris
636 2294 787 2359 subsellii.
843 2293 915 2356 Vidi
949 2293 1123 2357 mirabilem
1159 2316 1230 2376 pro-

110 2383 308 2444 vocationem
337 2380 474 2444 hominis
506 2402 629 2444 summo
666 2381 874 2462 conscriptam
909 2380 1053 2443 artificio.
1098 2379 1144 2442 De
1167 2401 1230 2462 quo

110 2488 212 2548 pauca
228 2467 341 2539 dicam,
367 2467 394 2528 si
418 2467 503 2548 prius
525 2473 557 2530 te
580 2468 773 2530 admonuero
795 2487 857 2529 non
881 2466 1039 2529 fidendum
1056 2488 1125 2529 esse
1141 2488 1230 2549 prae·

114 2558 206 2634 cepto
226 2552 368 2635 judicum
387 2554 546 2634 negativo,
569 2559 605 2617 ut
628 2557 751 2617 vocant.
797 2551 894 2615 Tuam
912 2556 1017 2615 tamen
1034 2552 1142 2615 audire
1158 2550 1229 2616 volo

111 2640 143 2702 in
168 2639 226 2702 hac
252 2639 414 2718 tragoedia
443 2639 651 2721 disciplinam,
675 2662 714 2702 an
739 2639 818 2701 bene
840 2661 880 2700 an
905 2658 1064 2720 perperam
1092 2659 1231 2720 pronun-

111 2727 225 2788 tiatum
264 2747 332 2787 esse
369 2724 539 2788 arbitreris.
601 2725 662 2788 Sed
697 2746 781 2787 nuuc
815 2724 920 2805 accipe
958 2723 1116 2787 vafritiam
1154 2730 1230 2788 nota

112 2811 251 2893 dignam.
298 2810 434 2891 Vespillo
469 2811 685 2893 patrocinatur
714 2812 818 2874 tribus
845 2809 1023 2886 clientibus,
1057 2810 1159 2873 tribus
1182 2811 1230 2873 in-

111 2919 217 2977 quam,
240 2901 272 2958 et
293 2897 374 2978 petit
394 2902 444 2956 bur
467 2899 615 2959 erstuutit.
661 2898 763 2973 Quare
785 2917 847 2958 non
872 2895 1017 2958 dicitius
1041 2898 1154 2972 auum
1175 2898 1230 2957 irre

111 2979 287 3056 prosecute?
331 2981 449 3044 Forsan
474 2983 598 3063 quaerit
620 2984 735 3046 nodum
761 2983 792 3044 in
816 2980 943 3064 scirpo*
988 2980 1094 3044 Credit
1120 2982 1231 3062 opinor

109 3067 232 3148 judices
256 3066 365 3143 latere,
389 3068 516 3148 quando
532 3069 719 3132 succedatur
735 3070 767 3131 in
783 3070 907 3149 stirpes,
924 3066 1051 3148 quando
1067 3068 1098 3128 in
1116 3069 1229 3149 capita.

116 3153 269 3235 Ulpianus
292 3160 398 3216 noster
420 3154 526 3218 docet:
552 3154 584 3218 Si
614 3157 684 3237 quis
718 3154 848 3218 lratrum
882 3155 960 3217 duos
994 3153 1075 3215 filios
1109 3153 1230 3228 habuit,

113 3240 193 3302 alter
227 3261 334 3315 unum,
367 3239 592 3304 haereditatem
616 3243 647 3304 in
672 3241 729 3304 tris
760 3241 876 3323 parteis
909 3238 1118 3301 dividendam.
1163 3239 1231 3302 Hoc

112 3325 185 3408 plus
210 3347 303 3407 quam
327 3325 529 3389 manifestum
554 3349 621 3390 esse
644 3329 715 3409 quis
739 3329 864 3407 ignorat
880 3327 911 3388 in
928 3325 1011 3388 linea
1027 3325 1230 3388 transversa?

113 3411 176 3474 Sed
199 3412 232 3473 in
257 3412 418 3493 proposito
453 3435 528 3475 casu
562 3419 742 3495 spectamus
775 3418 908 3476 stenima
941 3411 1143 3484 descendens,
1180 3411 1230 3473 cui

113 3498 255 3573 debetur,
280 3504 315 3560 ut
338 3497 550 3562 Tribunianus
580 3499 699 3573 scribit,
727 3499 883 3562 successio
906 3499 938 3560 in
961 3498 1083 3577 stirpes.
1130 3496 1230 3572 Quare

112 3585 246 3646 duorum
285 3585 414 3646 fratrum
448 3584 504 3646 lilii
540 3586 751 3649 substantiam
790 3585 906 3646 avitani
943 3583 1051 3664 partiri
1086 3581 1229 3646 bifariam

112 3671 239 3749 debent,
263 3676 295 3732 et
317 3671 393 3749 quia
416 3671 572 3752 utrimque
601 3677 664 3734 tres
694 3672 881 3741 consistunt,
909 3669 1015 3730 darem
1043 3690 1101 3750 ego
1128 3670 1231 3732 tribus

113 3757 276 3819 semissem
302 3763 333 3817 et
355 3756 488 3819 alterum
522 3758 681 3820 semissem
715 3757 842 3838 reliquis
875 3756 985 3818 tribue.
1030 3755 1078 3817 lta
1112 3754 1229 3817 factum

112 3863 190 3911 reor,
226 3850 262 3904 ut
295 3841 411 3904 dixerit
446 3843 580 3925 Vespillo
613 3850 663 3902 bru
696 3844 843 3910 sedentrii.
878 3842 908 3903 id
942 3848 990 3903 est
1022 3863 1077 3902 sex
1112 3841 1230 3913 uncias,

112 3949 304 4009 quamquam
339 3951 401 3990 non
430 3930 497 3990 sine
525 3931 703 4010 suspicione
727 3929 790 3990 doli
813 3929 858 3990 sic
881 3928 966 4007 loqui
996 3926 1107 3989 maluit
1136 3950 1229 4008 quan]

111 4016 154 4074 uir
179 4014 254 4091 V‘Vll
276 4020 322 4072 bu
348 4018 464 4087 utpute,
496 4016 555 4077 uisi
579 4023 613 4078 tu
637 4015 728 4077 aliter
757 4015 885 4077 sentias.
930 4013 995 4094 llgo
1031 4036 1068 4074 ne
1102 4015 1230 4075 omnino

112 4109 247 4163 tacerem
272 4103 326 4161 tuo
350 4100 504 4182 (exemplo,
534 4103 617 4183 quod
641 4107 724 4162 esset
751 4100 961 4163 inofficiosum
986 4106 1016 4161 et
1042 4100 1169 4179 impium
1200 4103 1232 4160 et

114 4185 327 4249 inconsultum
364 4186 545 4266 (multorum
582 4189 664 4249 enirn
698 4187 855 4250 amicitias
888 4186 1048 4248 silentium
1081 4185 1230 4262 diremit),

113 4294 271 4354 exponere
294 4272 377 4334 volui
401 4295 464 4334 rem
492 4295 589 4354 nuper
611 4278 742 4353 gestam.
790 4272 872 4335 Vale.

267 4371 329 4425 t‘od.
347 4371 412 4423 Fret.
433 4373 488 4424 ltu.

182 4507 226 4543 er
309 4509 347 4545 ·›.

187 4508 357 4613 ‘Viiisitcdliiu
399 4591 401 4593 ·
428 4561 509 4613 durch
538 4562 627 4629 tanges
653 4561 748 4613 Stoben
776 4559 927 4625 verderbeu,
954 4575 1082 4626 syrrouyrn
1107 4560 1155 4612 init
1173 4578 1231 4612 ver·

110 4631 211 4698 jiilrren.
283 4630 362 4682 20)(1.
376 4629 470 4684 lustin.
484 4630 596 4694 illan.
668 4629 918 4695 “llerllrbteilunp
989 4628 1229 4696 ⁴1lllzur'ingstliclr

116 4701 182 4761 sein,
201 4699 290 4751 Gnrnd
309 4715 355 4750 zur·
372 4698 509 4768 insumus
526 4701 632 4761 suehen,
652 4715 691 4751 ivo
706 4699 796 4751 keiner
814 4697 929 4766 vorliegt.
964 4696 1095 4749 naeuus
1114 4699 1244 4765 adaperi.

967 4771 1014 4832 ‚m
1021 4767 1039 4803 b
