2774 4966
145 629 208 703 518
563 628 651 687 oriere
670 628 716 688 des
734 635 759 689 J.
779 629 854 689 1515.

143 808 250 873 sedern
277 806 328 870 die
350 805 469 870 abituri
496 810 603 867 essent
626 811 748 886 poetae,
765 805 812 867 tui
828 805 930 868 nostri
946 805 1197 883 studiosissimi‚¹
1217 825 1283 871 non

143 894 234 976 potui
264 891 377 965 facere,
409 893 488 971 quin
522 891 560 952 de
592 891 716 970 magnis
746 888 901 952 rebusad
925 895 957 953 te
980 891 1160 954 scriberem.
1209 890 1284 955 Heri

146 977 277 1041 nuntius
299 976 513 1057 ltlognntinus
538 975 596 1038 hac
619 976 756 1038 transiit.
804 975 925 1038 Dicitur
957 998 1101 1039 narrasse
1124 997 1195 1038 cum
1220 976 1284 1040 alia

145 1068 214 1127 tum
250 1061 338 1124 haec.
384 1061 652 1142 Archiepiscopus
688 1061 832 1141 proxime
865 1061 915 1123 die
947 1061 1048 1124 lunari
1084 1060 1178 1125 faciet
1213 1063 1283 1126 iter.

146 1149 211 1211 Ibit
243 1169 296 1229 per
327 1147 480 1221 Hessiarn‚
514 1144 739 1221 Fridislariam,
773 1144 963 1209 llisfeldinos
986 1151 1019 1209 et
1041 1151 1153 1210 cetere.
1200 1145 1283 1212 Sunt

148 1232 303 1304 nonnulli,
337 1232 391 1312 qui
426 1232 564 1294 dicant·
596 1231 838 1311 praeteriturum
879 1230 1099 1313 Erphurdiarn,
1139 1233 1282 1296 visurum

146 1318 252 1382 sedem
278 1313 433 1380 Mauritii²
459 1316 568 1378 relicta
592 1316 711 1378 ditione
734 1313 891 1377 Martini.⁸
937 1315 1015 1379 Aliis
1046 1317 1137 1380 aliter
1168 1318 1282 1380 visum.

145 1403 316 1483 Utcunque
349 1403 401 1476 sir,
434 1402 600 1463 audiemus
631 1402 714 1463 intra
749 1401 815 1462 dies
846 1399 934 1462 XIIII
967 1401 1142 1464 mirabilem
1178 1424 1283 1465 rerum

145 1488 439 1552 commutationem.
501 1485 662 1558 Hunthus
700 1506 826 1566 praeses
864 1486 996 1557 noster,‘
1031 1486 1120 1550 bucb
1153 1486 1284 1551 dirertit
1313 1503 1317 1511 ·

146 1595 217 1638 cum
241 1594 340 1636 uxore
364 1592 533 1634 mansurus
556 1571 589 1633 in
613 1592 693 1644 arce,
711 1577 748 1634 ut
764 1569 879 1647 ferunt,
903 1571 969 1633 dies
985 1572 1119 1653 aliquot.
1162 1571 1282 1636 Iobus*

150 1657 229 1722 mihi
252 1658 361 1721 retulit
385 1657 522 1738 captivis
545 1656 709 1719 imminere
732 1655 926 1736 capitalsm⁰
950 1677 1082 1738 poenam
1097 1655 1119 1736 3⁶
1142 1657 1173 1720 id
1197 1659 1284 1740 quod

147 1743 225 1808 mibi
262 1764 323 1806 non
360 1743 484 1806 videtur
518 1741 737 1819 verosimile‚‘l
771 1742 954 1822 praesertim
989 1763 1061 1806 eum
1098 1763 1204 1805 rumor
1226 1743 1284 1806 ad-

147 1834 261 1892 ventus
296 1828 417 1891 Alberti
454 1827 593 1909 coeperit
626 1827 744 1906 vagari,
780 1826 870 1906 cujus
902 1831 995 1890 tants
1030 1829 1215 1903 auctoritas,
1247 1833 1285 1891 ut

149 1915 261 1978 merito
278 1914 321 1976 sit
336 1911 556 1976 formidabilis.
603 1910 709 1974 Habes
726 1911 862 1991 primum
880 1919 977 1993 caput
992 1934 1093 1976 rerum
1116 1934 1282 1977 novarum.

148 1999 249 2082 Ajunt
278 2003 311 2062 et
344 1999 470 2079 quidem
503 1995 638 2079 publice,
673 1997 811 2076 grassari
846 1997 1052 2079 pestilitatem
1084 1999 1116 2061 in
1140 1997 1285 2075 blisna‚⁰

148 2086 267 2149 obiisse
297 2083 450 2165 proximis
473 2081 585 2145 diebus
609 2081 776 2163 Altoburgi
799 2079 904 2145 CCCC
921 2088 953 2145 et
968 2105 1004 2146 eo
1020 2082 1166 2166 amplius.
1206 2083 1284 2160 Quis

148 2191 212 2234 non
236 2169 407 2252 praeferret
441 2172 572 2230 mortem
607 2166 713 2230 bello?
758 2167 798 2229 Et
821 2164 898 2230 haec
921 2175 970 2230 est
992 2168 1131 2233 secunda
1161 2167 1282 2233 fabula.

149 2255 257 2319 Tertia
291 2275 364 2317 vero
387 2254 433 2316 sic
455 2252 563 2316 habet.
609 2252 747 2334 Aurigae
780 2273 856 2333 puer
889 2253 969 2316 duos
1002 2254 1113 2318 attulit
1146 2255 1282 2332 codices,

149 2341 212 2404 imo
237 2361 345 2404 unum.
391 2337 617 2401 Iurisconsulti
640 2338 725 2399 enim
742 2337 802 2400 etsi
818 2344 987 2401 sexcentos
1011 2340 1160 2416 habeant,
1183 2361 1281 2403 unum

152 2426 322 2489 dumtaxat
354 2425 460 2488 sciunt
483 2429 515 2485 et
538 2424 714 2486 nominant.
760 2420 814 2485 Sic
842 2422 1063 2504 theologistae‚
1087 2445 1282 2506 quamquam

149 2511 235 2576 mille
258 2510 357 2574 biblia
381 2511 401 2571 i.
426 2533 451 2573 e.
477 2508 648 2585 volumina,
672 2529 769 2570 unum
796 2512 901 2571 tamen
926 2511 1093 2592 praecipue
1116 2516 1284 2574 ostentant

148 2601 180 2660 et
203 2596 407 2677 singulariter
439 2594 536 2674 (quod
561 2593 730 2656 barbarum
754 2589 815 2673 est)
840 2592 975 2657 Bibliam
1007 2595 1178 2678 appellant,
1210 2618 1282 2659 cum

149 2683 317 2745 dicendum
355 2680 398 2743 sit
436 2679 592 2761 plurative
629 2678 743 2755 Bibba,
785 2677 969 2742 Bibliorum.
1027 2682 1129 2743 Extra
1163 2681 1282 2763 jocum.

151 2767 311 2830 Habemus
337 2762 580 2847 Polyantheam⁷
606 2768 638 2827 et
661 2763 845 2826 Triboniani
863 2764 1057 2828 collectanea
1076 2767 1108 2829 in
1126 2766 1170 2829 IX
1186 2766 1285 2830 libros

150 2849 310 2934 digesta3⁸
334 2853 378 2914 ita
402 2849 558 2917 tractabo.
582 2850 627 2912 ita
651 2848 765 2930 legam,
788 2853 824 2911 ut
847 2850 924 2922 mibi
948 2852 1096 2931 epil-olari
1128 2853 1283 2916 citissime

150 2937 330 3002 videantur.
376 2937 463 3012 Quae
486 2935 524 2998 ad
549 2956 599 2997 me
624 2935 747 3016 proprie
770 2936 919 3009 attinent,
944 2957 980 2998 ea
1003 2958 1107 3000 coram
1131 2936 1283 3000 Publius⁹

149 3024 307 3106 expediet.
353 3021 399 3084 Tu
433 3021 514 3084 bene
548 3020 663 3083 valeas.
709 3020 779 3082 Non
813 3020 998 3102 trepidabis.
1053 3021 1163 3103 Neque
1196 3024 1281 3086 enim

148 3109 281 3172 audebit
314 3108 428 3170 ciuiles
459 3106 683 3169 ecclesiasticis
716 3126 828 3169 nocere
862 3107 921 3169 sub
956 3106 1096 3184 Albert0‚
1123 3109 1284 3172 libertatis

149 3194 380 3276 dignItatisqnc
411 3192 644 3255 ecclesiasticae
668 3191 890 3270 potentissimo
915 3192 1119 3255 defensorem
1164 3193 1283 3257 lterum

149 3279 228 3342 vale

304 3378 365 3430 cor.
385 3376 450 3431 Fref.
470 3378 528 3429 mo.

151 3583 267 3652 (Gotho.)
677 3566 749 3627 blf).
1039 3581 1078 3633 18.
1098 3585 1164 3650 Aug.
1184 3584 1282 3652 11515).

527 3691 672 3760 Mutian
695 3712 744 3760 an
766 3690 905 3761 Urban.

62 3853 65 3857 >
149 3821 258 3886 (Pastor
283 3822 367 3874 Jonas
393 3821 497 3874 ersurtt
530 3820 635 3873 Urbons
661 3819 830 3888 Iltrspraelre
847 3819 877 3871 r‘n
902 3819 986 3871 rirrcrn
1012 3820 1202 3872 Rechtslrnndel
1228 3821 1287 3872 rmd

149 3907 197 3943 um
218 3889 448 3957 Marlrrrldr'pmrp
472 3889 559 3941 seiner
584 3889 865 3940 Tenninrersctrrmm's.
903 3888 988 3954 llirrps
1013 3894 1067 3940 rma
1099 3888 1283 3956 tlsaffmlum.

543 3957 659 4009 Wnnsrlr
676 3958 745 4009 norb
766 3957 896 4018 Friedm.)

320 4082 354 4089 ...-

217 4160 230 4187 α
244 4161 305 4198 curn
323 4145 380 4211 sript
401 4143 473 4196 Ten».
491 4143 584 4195 trinea.
655 4144 727 4196 blric
747 4144 821 4196 Trux.
893 4142 1013 4211 cespitis
1038 4142 1111 4194 Terre.
1182 4144 1282 4195 dvori-

150 4214 237 4266 simile
257 4214 330 4265 Tene.
400 4212 540 4265 euisnha.

222 4285 228 4313 ¹
251 4281 340 4334 Eoban
359 4281 413 4333 und
432 4280 541 4336 Cordus,
560 4296 592 4332 zu
605 4279 712 4332 Besueh
731 4281 758 4332 in
776 4280 868 4333 Gotho.
923 4278 1028 4331 'Helle
1047 4278 1095 4330 nrit
1112 4279 1159 4330 der
1176 4277 1283 4332 Morita-

150 4351 224 4418 burg.
297 4349 442 4402 ³Mainzer
468 4348 601 4417 Sprengel.
673 4349 724 4402 ⁴8.
745 4351 798 4401 464
816 4352 845 4402 A.
869 4351 889 4402 l.
925 4348 961 4399 Er
977 4347 1069 4399 kohrte
1095 4361 1146 4399 nur
1172 4347 1205 4399 ab
1229 4349 1283 4400 und

149 4435 182 4471 zu
202 4420 249 4471 aul
265 4418 337 4486 Burg
355 4417 559 4470 Grimnrenstein
578 4417 628 4470 cin.
699 4416 805 4470 ⁶Sorrst
822 4417 896 4470 nicht
914 4420 1034 4484 genennt.
1071 4414 1213 4468 Vielleicht
1237 4416 1285 4468 dor·

149 4503 198 4540 aus
222 4487 317 4541 Kessel
344 4485 488 4539 verbaunte
514 4485 691 4537 Schrindisen.
728 4485 754 4538 S.
772 4486 821 4538 431
842 4489 873 4537 A.
893 4484 916 4536 2.
987 4483 1073 4552 ὓ1131.
1093 4483 1118 4537 S.
1137 4484 1187 4536 571
1206 4485 1238 4536 A.
1259 4487 1282 4537 l.

187 4555 239 4609 ²8.
259 4558 310 4609 555
329 4559 359 4607 A.
379 4557 403 4609 3.
475 4554 556 4606 ⁸Der
580 4553 667 4606 Codex
686 4554 733 4607 des
751 4553 861 4606 Geckus.
898 4551 923 4604 S.
943 4551 993 4606 568
1012 4554 1042 4606 A.
1061 4554 1085 4606 3.
1156 4551 1210 4606 ⁹8.
1230 4552 1282 4606 407

149 4626 180 4676 A.
200 4625 223 4676 2.
296 4627 317 4656 ¹⁰
334 4616 407 4676 Uber
424 4623 466 4674 die
484 4621 653 4675 Feindscbatt
671 4621 773 4676 Erfurts
791 4637 873 4691 gegen
894 4620 1069 4689 Georgeuthul
1088 4620 1139 4690 rgl.
1158 4619 1201 4672 Br.
1221 4619 1281 4675 508.
