2774 4966
140 612 204 682 580
560 615 647 670 Briele
665 614 712 670 des
730 616 755 670 J.
776 605 849 671 15l5.
883 664 895 687 l

141 789 286 853 Fortuna
311 789 398 861 velis,
423 792 458 850 ut
475 786 556 849 belle
580 783 764 850 fortunatus
785 786 941 849 reveniat!
988 786 1138 852 Silvanus
1155 782 1281 852 uoster'

142 876 249 938 nescio
286 872 363 954 quid
399 872 537 935 hominis
570 873 623 948 eit,
657 893 697 933 an
735 872 885 952 prodigus
918 893 958 934 an
993 894 1116 936 avarus.
1173 873 1285 937 Donat

141 960 263 1024 alienis.
313 957 426 1020 Audivi
443 958 528 1031 olim,
549 978 620 1019 cum
638 955 775 1020 Gotlrarn
794 956 871 1020 hora
889 959 1067 1038 vespertina
1084 958 1282 1041 relinqueret

141 1046 238 1129 probe
270 1050 364 1125 potus
394 1051 426 1104 et
456 1042 617 1113 vacillans
651 1039 876 1122 Breugbirum²
900 1063 919 1104 a
942 1050 1031 1122 tergo
1055 1045 1177 1107 dicere:
1213 1050 1282 1114 ..tes

141 1131 213 1203 aaut
235 1131 285 1188 urit
310 1147 359 1203 tan
382 1130 500 1194 intend,
525 1127 616 1208 quasi
640 1126 774 1203 diceret:
801 1127 847 1207 „si
865 1128 1035 1191 mansisset
1058 1133 1157 1210 paler.
1180 1129 1283 1210 impe·

143 1220 276 1279 trassem
301 1215 383 1276 inter
408 1211 520 1293 pocula
544 1212 627 1274 mille
660 1211 818 1292 plancas.“
867 1210 974 1294 Nuper
1005 1212 1056 1275 hie
1088 1215 1280 1298 perpotavit.

143 1299 192 1362 Me
227 1320 290 1362 non
325 1297 479 1361 evocavit.
536 1295 684 1370 Mirabar,
720 1318 791 1358 cunr
828 1301 912 1358 esset
943 1298 1142 1379 querimonia
1171 1296 1280 1380 justa;

145 1384 257 1448 debuit
279 1384 363 1447 enim
386 1381 537 1461 conqueri
560 1381 598 1442 de
621 1403 722 1443 rerum
740 1382 836 1444 turba
861 1388 894 1443 et
917 1403 965 1445 me
989 1387 1024 1446 ut
1047 1384 1184 1446 amicum
1202 1405 1280 1447 con-

145 1470 255 1532 sulere.
304 1467 363 1531 Per
385 1466 495 1530 Jovern
521 1467 602 1529 male
625 1466 715 1529 sibi·
738 1468 868 1548 suisque
886 1469 1048 1549 prospicit.
1089 1468 1280 1532 Maledictus
1369 1526 1371 1530 .

142 1552 276 1636 Figulus
292 1558 323 1616 et
339 1552 458 1616 stultus
480 1548 620 1635 praetor⁸
637 1552 744 1614 omnia
761 1559 904 1633 possunt.
950 1551 1018 1633 Ego
1042 1553 1279 1636 paedagognm⁴

142 1643 324 1720 suspectum
349 1636 461 1711 habeo,
485 1640 518 1698 et
541 1635 700 1718 impudica
718 1638 814 1700 verba
830 1635 934 1718 Figuli
951 1645 983 1700 et
998 1639 1142 1720 magistri
1158 1661 1280 1702 sannas

142 1724 197 1788 hui
228 1730 384 1806 quantum
416 1721 567 1785 formido!
613 1715 666 1802 jd)
696 1725 745 1797 tut
778 1724 853 1794 tinet
883 1741 931 1795 cur
962 1722 1093 1798 broteim‘
1123 1729 1180 1784 out
1206 1743 1279 1795 ratu

143 1813 224 1885 quern
252 1810 410 1883 ursatium.
456 1806 521 1867 ’flat
552 1809 596 1882 ito
627 1812 677 1866 ten
707 1825 819 1880 prorata
849 1804 1036 1870 Lentulum‘
1064 1828 1113 1882 pru
1145 1809 1278 1884 eicerem

142 1896 317 1970 ebqttrrtiart
351 1895 399 1952 uit
428 1899 513 1966 gitta.
558 1890 632 1953 Ideo
667 1890 791 1954 facilius
824 1913 903 1967 erne,
940 1914 1034 1975 quam
1070 1898 1152 1974 peto.
1199 1890 1279 1968 Quis

145 1977 234 2041 fatuo
257 1976 476 2059 supplicaret?
521 1975 581 2039 Det
614 1996 700 2039 more
731 1997 799 2038 suo.
846 1975 933 2040 Satis
966 1983 1024 2056 est,
1059 1978 1143 2058 quod
1179 1977 1277 2041 favet.

141 2061 252 2127 Crucis
285 2060 380 2126 fest0²
414 2061 616 2125 salutabitur.
663 2061 836 2142 Postquam
873 2061 1102 2144 hierophantae
1137 2065 1278 2146 pretium

142 2144 403 2222 numeraverint,⁸
426 2148 477 2210 dic
499 2151 536 2210 ut
558 2146 641 2209 dono
672 2148 804 2209 mittant
834 2147 911 2210 mihi
942 2149 1130 2213 laterculum
1164 2170 1278 2212 manu·

141 2235 231 2309 alem,
256 2253 319 2313 qua
343 2236 414 2296 utar
438 2254 529 2295 ruane
559 2232 711 2314 templum
743 2232 896 2296 aditurus.
943 2234 1018 2294 wan
1048 2237 1091 2294 tir
1125 2236 1278 2308 dretturer

141 2320 244 2390 uotum
275 2319 368 2392 raone
400 2323 486 2378 [etun
517 2323 568 2378 unt
600 2320 681 2391 geben
710 2319 750 2377 rie
781 2328 861 2391 rutra
897 2320 1034 2396 licentra.
1080 2318 1276 2382 Manendum

141 2404 201 2466 erit
224 2400 309 2475 tibi?
333 2424 372 2464 ne
394 2402 540 2466 absentia
572 2408 694 2476 noceat,
728 2424 921 2484 quamquam
956 2402 1069 2467 fratres
1107 2405 1277 2469 monastici

141 2495 258 2552 temere
290 2488 463 2568 loquantur
489 2492 520 2550 et
550 2492 626 2550 sunt
659 2489 749 2570 quasi
783 2488 911 2567 ingrati,
946 2489 1030 2569 quod
1068 2512 1117 2552 rne
1152 2487 1277 2553 cruciat

142 2573 352 2637 vehementer.
397 2573 491 2636 Dicat
516 2572 725 2653 Nepotianus,
760 2574 837 2655 quid
869 2573 1035 2637 audiverit.
1082 2575 1277 2639 Putantneb

142 2660 196 2723 isti
225 2658 344 2722 bardi'⁰
375 2657 481 2739 jocum
513 2680 582 2721 esse
608 2662 658 2721 tot
686 2660 771 2722 cives
800 2659 831 2720 vi
861 2659 1049 2742 intercipere
1084 2665 1115 2722 et
1149 2660 1276 2723 tradere

142 2743 305 2807 carnifici?
342 2743 384 2804 dr
409 2746 500 2818 raim
522 2747 564 2802 tir
588 2743 808 2821 flrnfiosrlrutrt.
847 2742 964 2807 Vellem
981 2745 1124 2809 timidius
1141 2752 1275 2827 agerent

144 2835 209 2893 tam
233 2828 385 2892 Bernardi
409 2849 503 2909 quam
532 2827 704 2890 Benedicti.
751 2827 816 2893 Nos
839 2830 901 2891 ista
924 2829 982 2893 deo
1007 2831 1191 2894 mandemus
1208 2852 1275 2894 ser-

145 2915 249 2977 uaturi
273 2915 497 2977 innocentiam.
546 2912 629 2975 Vale.

299 3013 362 3067 Cod.
381 3013 447 3066 Frel.
467 3013 525 3067 512.

145 3166 260 3233 (notun.)
670 3151 743 3213 518.
1051 3170 1089 3222 11.
1109 3168 1179 3236 Sept.
1198 3171 1275 3223 1515.

519 3275 662 3344 Mutian
687 3296 736 3344 an
758 3274 898 3345 Urban.

143 3400 246 3468 (Modura
272 3401 330 3454 aad
359 3402 460 3455 Gordus
486 3403 591 3455 (turben.
627 3404 659 3455 In
683 3404 732 3456 deu
756 3403 872 3455 Ir'r'rclrerr
890 3404 926 3455 r'st
943 3404 987 3455 εἰη
1011 3404 1137 3457 Imerdilt
1162 3405 1218 3471 aus
1230 3405 1276 3458 ein

141 3470 210 3524 Jaar
227 3476 359 3537 crrpesupt.
395 3470 465 3522 Br'tte
482 3472 530 3523 deu
555 3471 676 3538 lcrkauf
687 3471 731 3523 des
757 3471 905 3540 tl'einberpa
924 3472 1133 3525 alaarrsclrlr’ersen
1150 3473 1209 3525 und
1224 3474 1276 3526 den

143 3538 240 3590 Berlrer·
257 3556 292 3591 au
311 3538 437 3591 caieta.
475 3539 593 3592 Harbord
608 3541 681 3592 sollte
700 3539 792 3592 Eobnn
806 3557 840 3593 iu
853 3541 939 3592 ciuem
957 3540 1110 3592 Lclrretahle
1127 3541 1275 3608 ocrlrelsen.)

354 3652 483 3703 Urbano
500 3655 584 3713 patri
602 3656 869 3713 praestantissimo
888 3655 931 3704 M.
949 3653 1061 3706 Rufus.

247 3763 351 3830 Salve.
397 3763 549 3827 Eobanue
579 3769 611 3827 et
639 3766 780 3829 Euritius
812 3772 915 3845 egent.
962 3765 1082 3848 Urgent
1115 3767 1208 3841 enim,
1240 3766 1273 3827 ni

146 3850 247 3930 lallor,
282 3871 407 3925 uxores,
439 3857 475 3913 ut
499 3858 668 3931 procurent
703 3854 785 3914 vitae
820 3853 1005 3915 necessaria.
1050 3851 1145 3914 Haud
1177 3849 1276 3913 dubie

142 3956 346 3963 ————---

210 4000 223 4027 ⁸
237 3984 288 4037 sibi
306 4002 352 4036 am
370 3984 469 4036 Rauda
541 3988 554 4024 b
569 3984 666 4036 Putant
684 4001 723 4036 nc.

215 4055 220 4085 ¹
242 4053 296 4105 Der·
314 4053 366 4105 ebt
384 4069 435 4104 ron
455 4053 635 4120 Georgcntlral.
672 4057 697 4107 S.
720 4054 768 4105 1⁶22
786 4056 815 4106 Λ.
838 4056 859 4105 l.
921 4053 1122 4105 ²Gothaisclrer·
1139 4051 1274 4104 Ratsherr.

141 4122 166 4176 S.
186 4121 329 4174 mike.
395 4121 446 4173 ³8.
466 4123 517 4173 439
536 4124 565 4175 Α.
584 4123 651 4175 (1.5.
716 4122 891 4174 ⁴Musaulus.
927 4122 1022 4176 utun
1043 4124 1071 4172 Δ.
1091 4122 1114 4173 3.
1183 4120 1278 4173 ⁵Dort

142 4190 183 4242 bei
211 4189 303 4242 Gotha.
374 4190 487 4241 “Adam
516 4189 635 4254 Publius,
663 4190 835 4242 schernweiso
860 4206 949 4255 uegen
975 4190 1061 4242 suiner·
1078 4188 1275 4256 Langsarulreit.

143 4257 200 4326 Vgl.
220 4256 262 4310 Βι·Ι
281 4259 331 4310 343
354 4256 471 4311 Schluss,
544 4257 797 4326 'Kreuzurhithung
817 4260 855 4330 14.
874 4257 944 4325 Sept.
1017 4257 1094 4309 ⁸Die
1112 4256 1276 4310 Kanhuueer

141 4328 184 4379 liin
200 4326 250 4378 deu
270 4325 418 4403 Weiubcrg.
456 4325 480 4379 S.
500 4326 549 4377 557
569 4330 599 4377 A.
619 4327 642 4379 3.
713 4327 782 4378 9Ιιιι
811 4326 1015 4393 Georgonthaler·
1039 4325 1105 4378 Hele
1123 4342 1155 4377 zu
1175 4325 1275 4379 Mrfurt.

141 4393 232 4448 Urbau
260 4393 450 4461 beabsichtrgto
477 4395 535 4445 eine
563 4393 646 4447 Reiso.
685 4394 742 4462 Vgl.
762 4394 786 4448 S.
806 4395 857 4447 :370
876 4400 905 4446 A.
925 4397 948 4447 5.
985 4395 1016 4446 In
1042 4393 1203 4446 Anbetracht
1227 4394 1276 4447 der·

433 4481 438 4491 .
517 4480 522 4490 ·
632 4463 636 4472 ⁸
891 4463 895 4473 “
1031 4466 1051 4494 lu
1094 4462 1099 4472 ⁸

141 4461 585 4597 tttttvllttttttlutl
601 4461 1274 4600 tutettutatutannntuttlttu

84 4664 87 4669 ,
141 4600 246 4653 worden
265 4614 359 4651 waren.
397 4598 454 4666 Vgl.
473 4597 516 4652 Br.
535 4598 593 4652 508.
