2774 4966
413 39 1379 236 ’-

403 93 410 111 l

165 583 229 647 630
507 585 560 638 Der
578 581 723 651 gedruckto
743 580 936 637 Brietwechsel.

165 759 249 807 erano
274 753 297 806 L
331 753 385 807 ilar
402 755 444 807 dre
463 755 600 823 Sopkicleo
622 753 740 814 aenaim
765 753 800 805 iat
823 751 1006 832 90009000.-
1033 753 1076 806 die
1092 753 1189 821 y'r'lnpst
1213 768 1293 806 emen

167 823 276 891 Houscn
336 824 457 876 lculorvcn
476 825 568 876 moer!
585 823 675 876 hohen
694 823 759 874 ohne
772 821 924 885 nescissent,
935 839 990 875 ωσι
1002 822 1292 876 homuntionem&

165 893 459 1016 ¹{evhsqrqlppss-oqvqgollcu
483 894 582 945 aridem
604 892 648 944 (les
671 891 846 944 Bolmlorials
867 891 990 959 reu't'rdio.¹
1025 892 1090 945 L.n
1092 891 1141 945 .ll
1160 891 1292 945 Jb-la

166 1114 346 1184 Georgenthal.
690 1099 760 1162 566.
1062 1111 1104 1165 18.
1122 1110 1193 1181 Sept
1214 1113 1291 1168 1506.

506 1225 677 1312 spalatin
699 1245 747 1294 an
769 1223 938 1295 Mutian.²

167 1355 296 1420 (Wicl-mct
314 1355 368 1407 ilinc
387 1355 436 1407 (lov
453 1357 496 1407 33.
515 1355 608 1407 Pnolm
625 1372 673 1407 oon
699 1354 783 1406 Thom.
814 1353 889 1420 Wolf,
918 1354 1007 1406 indeve
1034 1371 1062 1406 cr
1082 1354 1132 1407 doe
1159 1351 1293 1407 Biichlcn'n

348 1423 402 1490 ons
416 1423 544 1476 Herlmrrls
562 1424 631 1476 Bello
649 1422 768 1491 replet-'ch
784 1422 841 1474 dom
859 1423 936 1476 heser
953 1423 1105 1491 evrepfiehlt.)

343 1538 494 1598 Georgius
513 1538 692 1598 Spoletinus
710 1539 854 1589 Matieno
871 1536 954 1588 Rufo
971 1537 1001 1587 S.
1019 1538 1054 1587 P.
1072 1538 1110 1587 D.

267 1649 360 1713 Libat
383 1650 514 1713 Horatio
530 1663 543 1689 ¹²
565 1652 737 1724 succinere,
760 1649 902 1713 Matiana
925 1649 1034 1713 doctor
1050 1649 1290 1712 humanissime.

170 1733 293 1815 „Castis
316 1758 385 1799 cum
411 1736 515 1816 pueris
539 1737 649 1816 ignara
671 1737 773 1817 puella
789 1737 893 1799 mariti
912 1735 1053 1799 Disceret.
1068 1735 1152 1798 unde
1171 1756 1291 1816 preces,

167 1826 269 1884 vatem
294 1822 325 1885 ni
349 1821 440 1884 Musa
461 1820 660 1886 dedisset‘?“⁸
705 1821 770 1886 Hos
799 1844 908 1885 versus
930 1822 961 1884 in
987 1821 1108 1885 laudem
1144 1820 1291 1886 Davidici

167 1909 323 1990 poematis
343 1908 412 1989 jure
436 1909 565 1972 recitare
589 1912 621 1972 et
643 1909 754 1971 merito
777 1908 902 1989 quidem
928 1929 1064 1990 possum.
1111 1907 1190 1971 Nam
1224 1909 1292 1971 sive

167 1999 240 2056 vota
272 1999 457 2076 nuncupent
493 2000 524 2058 et
556 1995 746 2078 persolvant,
780 1995 844 2057 sive
882 1995 1011 2075 lugeant
1048 1994 1113 2056 vita
1150 1993 1292 2066 functos,

167 2081 232 2142 sive
262 2080 354 2143 derum
385 2082 511 2144 unicum
545 2081 726 2162 praedicent
760 2080 949 2145 Christiani:
985 2080 1171 2143 l‘salterium
1207 2082 1292 2144 tanti

168 2168 251 2247 regis
274 2189 311 2229 ac
334 2166 505 2249 prophetae
522 2189 644 2249 semper
660 2173 795 2230 tractare
811 2166 924 2244 solent,
943 2173 978 2230 ut
993 2168 1029 2230 de
1046 2167 1114 2249 ipso
1130 2167 1293 2249 sapienter

167 2253 438 2335 pronuntiaveris:
486 2250 651 2335 ,Carmine
695 2254 738 2316 dii
784 2253 888 2336 superi
932 2254 1106 2335 placantur,
1152 2253 1292 2316 carmine

168 2337 322 2403 manes.“⁸
368 2338 487 2402 Extant
511 2340 542 2402 in
566 2339 708 2403 Psalmos
731 2343 763 2402 et
785 2341 888 2420 graeci
904 2344 936 2402 et
951 2339 1040 2403 latini
1061 2339 1290 2403 commentarii.

168 2425 258 2490 Alius
282 2425 376 2489 nimis
392 2426 537 2508 perplexe
561 2431 592 2490 et
614 2427 797 2490 circumcise
812 2433 909 2507 atque
925 2427 1003 2490 adeo
1019 2426 1152 2489 obscure
1167 2426 1291 2501 scribit,

167 2511 221 2575 alii
254 2516 329 2575 sunt
361 2512 431 2594 plus
466 2513 561 2577 nimio
596 2513 791 2575 verbosiores
822 2517 852 2576 et
883 2512 997 2575 diffusi.
1043 2510 1181 2575 Thomas
1217 2535 1292 2576 vero

169 2598 341 2680 Vuolphius
373 2598 484 2662 Junior
514 2598 749 2680 jureconsultus
779 2604 810 2661 et
840 2605 954 2674 orator,
985 2599 1031 2660 viv
1065 2598 1220 2680 elegantis
1246 2601 1294 2662 in-

168 2685 261 2765 genii,
287 2685 469 2766 multiplicis
493 2691 524 2747 et
547 2687 723 2766 exquisitae
747 2687 907 2749 doctrinae
927 2693 1023 2766 atque
1046 2686 1077 2748 in
1101 2685 1294 2766 explicando

170 2794 251 2852 quae
286 2772 432 2834 sentiatb
464 2772 561 2834 mirae
595 2773 758 2835 facilitatis
781 2778 813 2835 et
834 2773 963 2852 gratiae,
987 2771 1145 2834 Psalmum
1180 2773 1294 2836 ordine

168 2858 360 2921 tricesimum
397 2859 551 2922 tertiumc
581 2859 717 2922 dilucide
740 2868 771 2922 et
794 2858 929 2922 breviter
960 2859 1115 2940 exposuit,
1145 2857 1294 2921 imitatus

171 2944 306 3007 arbitror
329 2951 474 3007 sanctum
498 2943 663 3020 Hilarium,
681 2944 771 3026 cujus
787 2945 999 3026 eloquentiam
1018 2945 1148 3008 laudant
1164 2945 1292 3009 eruditi.

170 3030 229 3094 Hie
251 3035 300 3095 est
321 3030 374 3094 ille
397 3029 542 3102 Thomas,
567 3033 620 3113 qui
644 3053 720 3113 puer
743 3031 816 3095 olim
849 3030 1041 3111 Erphordiae
1071 3031 1130 3094 sub
1160 3032 1293 3112 optimis

169 3117 359 3180 Ιιιιιιιιιιιιιιῑ1
381 3117 610 3198 professoribus
634 3118 679 3180 ita
702 3118 842 3198 profecit,
872 3122 907 3180 ut
930 3119 1010 3180 inter
1040 3117 1188 3199 aequales
1216 3139 1293 3182 con-

170 3205 298 3286 spicuus
328 3203 497 3267 haberetur
519 3209 551 3266 et
573 3211 656 3266 esset
683 3205 774 3286 quasi
804 3204 948 3277 eximius,
980 3204 1050 3266 (lein
1074 3203 1236 3266 Bononiae
1260 3210 1293 3268 et

169 3289 287 3353 Romae
311 3289 358 3352 vel
392 3290 476 3371 ipsos
508 3296 723 3372 praeceptores
758 3289 934 3438 quanvlibet
966 3291 1105 3371 egregios
1139 3298 1294 3372 aequaret

170 3377 299 3439 omnino
333 3376 433 3438 latina
468 3375 623 3439 facundia.
681 3376 784 3439 Testis
817 3381 865 3438 est
898 3376 1062 3458 Philippus
1092 3375 1293 3453 Beroaldus⁵

172 3462 266 3525 homo
290 3461 562 3553 literatissimus,
585 3464 639 3545 qui
663 3462 872 3525 Thomamut
840 3469 949 3544 ratpoto
967 3463 1082 3526 honum
1099 3427 1292 3542 discipulum

169 3548 294 3611 ornavit
296 3536 525 3646 amplissimo
558 3550 751 3626 testimonio,
787 3570 849 3611 non
884 3551 956 3611 viva
984 3570 1058 3612 voce
1084 3554 1211 3612 tanum
1235 3551 1291 3613 sed

169 3635 263 3697 etiam
289 3635 405 3716 scripto
372 3634 574 3697 tdurabili.
621 3633 725 3699 Testis
748 3659 780 3697 es
804 3641 835 3698 et
857 3640 892 3698 u
857 3634 1066 3709 Matiane
1084 3636 1131 3696 vir
1146 3635 1293 3699 acerrimi

166 3720 286 3802 judicii.
332 3721 441 3801 Neque
465 3722 547 3784 enim
571 3721 640 3784 sine
663 3743 757 3784 causa
780 3721 894 3801 dignus
918 3725 994 3798 erat,
1022 3721 1076 3802 qni
1107 3721 1168 3784 tibi
1198 3742 1293 3785 carus

170 3815 261 3870 esset.
319 3807 518 3870 Herebordus
556 3829 680 3890 quoque
718 3807 907 3888 Margaritus
945 3809 1035 3870 testis
1072 3813 1130 3883 est,
1163 3805 1293 3888 juvenis

170 3894 311 3955 eruditus
335 3899 366 3955 et
389 3893 514 3960 nobilis,
538 3901 658 3974 quanta
682 3895 724 3956 sit
746 3893 885 3956 Thornae
919 3894 1019 3972 gloria
1052 3893 1134 3975 apud
1168 3896 1293 3958 omneis

170 3979 312 4042 homines
337 3979 416 4042 bene
439 3981 639 4043 seritientess
661 3980 699 4042 de
721 3981 815 4042 rectis
847 3979 970 4043 studiis.
1017 3980 1046 4041 ls
1076 3981 1157 4041 enim
1192 4002 1293 4061 nuper

237 4145 250 4172 a
264 4131 376 4184 hovacio.
431 4134 444 4169 ¹·
459 4130 564 4182 senciat.
619 4131 762 4183 ctercium
816 4135 830 4171 d
844 4131 998 4183 litterarum.
1049 4129 1291 4183 ‘litteratissimus

164 4205 174 4243 s
194 4201 346 4254 serroientes

239 4272 246 4302 ¹
265 4269 300 4321 Er
316 4269 406 4321 vuvde
425 4285 453 4319 es
471 4269 505 4319 im
527 4268 583 4320 01ιι.
566 4270 678 4322 clune
697 4273 745 4320 unt
746 4285 774 4320 ev·
734 4271 819 4320 ts?
834 4269 878 4321 Νι.
891 4272 920 4319 4:
939 4268 1061 4320 thauus
1072 4267 1132 4320 Coci
1143 4267 1292 4345 lbaugkeu·

168 4339 307 4406 bergensis.
379 4337 635 4404 ¹³¹'llidmunpehricl
651 4339 730 4388 our
714 4345 858 4403 genaunten
886 4338 1015 4413 liragabe.
1051 4338 1107 4389 lul
1127 4336 1173 4387 ihu
1196 4338 1293 4391 nimmt

168 4408 269 4460 Mutian
297 4408 393 4474 ltcaug
423 4424 496 4457 norm
517 4423 544 4457 er
562 4406 603 4458 die
628 4406 726 4459 Orthe
710 4407 817 4474 qraphic
842 4424 892 4457 von
916 4407 1040 4458 sentio
1017 4410 1058 4471 (st.
1078 4406 1172 4473 sentio)
1201 4407 1292 4473 tadelt,

169 4477 276 4529 wnuach
305 4494 336 4528 au
366 4482 524 4544 uirginum
519 4476 544 4529 S
563 4477 644 4529 nvn
665 4477 687 4527 3.
726 4475 819 4529 13:180
836 4475 892 4526 nm
918 4475 1070 4554 ‹lemnac'h
1064 4491 1090 4526 m
1109 4474 1195 4528 dael.
1217 4466 1291 4529 1508.Ι

199 4546 285 4603 ³Hor:
306 4547 353 4618 Ep
374 4546 407 4613 ll,
430 4548 450 4611 l
472 4545 521 4600 132
540 4562 580 4620 sq
632 4544 724 4601 ‘llnn
741 4545 796 4601 l..l
817 4544 873 4596 00
925 4545 1028 4597 ι”Αιιο]ι
1048 4542 1164 4596 Mutinae
1183 4544 1292 4603 Lchrcr

202 4619 254 4678 467
270 4624 301 4681 A.
325 4622 348 4680 1.
