2774 4966
10 39 980 292 .-

318 608 425 668 llutian
445 629 480 667 an
498 613 600 668 Urban.
635 612 743 668 Mutian
761 631 796 669 en
813 614 847 671 H.
866 612 1014 672 Eberbaclr.
1169 618 1233 687 531

101 809 163 870 que
194 787 301 868 Priapi
333 808 452 850 numen
483 787 830 869 omnipotentissimum
860 792 1049 854 venerantes
1076 789 1234 855 teminun-

100 873 192 936 culae
214 873 383 936 coelestem
406 872 538 949 Lenem,
563 893 645 953 quae
667 874 699 935 in
723 873 865 937 adversis
887 875 1012 952 solatio,
1027 876 1059 938 in
1076 878 1234 958 prosperis

99 959 142 1022 sit
155 958 369 1021 admirationi.
408 958 540 1021 Lectum
554 963 602 1020 est
614 960 644 1020 in
659 959 757 1022 sacris
773 957 891 1036 bibliis,
908 961 1019 1024 dubito
1036 984 1076 1024 an
1094 962 1126 1024 in
1143 961 1234 1026 libris

100 1065 209 1124 regum
245 1066 286 1106 an
321 1043 432 1119 aliubi,
468 1042 604 1123 puellam
642 1043 810 1106 formosam
850 1046 1020 1109 multorum
1059 1047 1232 1111 concubitu

100 1129 197 1192 luisse
221 1129 425 1191 exstinctam.
470 1128 562 1189 Anno
585 1130 738 1209 superiori
767 1150 837 1191 cum
864 1129 1004 1211 Ungaria
1035 1132 1172 1196 nefanda
1201 1138 1233 1196 et

100 1215 224 1295 ingenti
259 1213 414 1276 seditione
448 1212 707 1284 tumultuaretur,
737 1215 856 1277 audisti
885 1217 998 1296 opinor
1029 1218 1131 1280 crucis
1160 1239 1234 1282 evo·

101 1298 257 1362 catorum'
283 1299 513 1360 immanissima
536 1298 678 1362 facinora
701 1300 732 1361 in
757 1299 885 1376 clerum,
909 1304 940 1363 in
964 1323 1108 1383 proceres
1128 1303 1231 1367 delor-

102 1386 193 1447 miter
216 1388 315 1465 gesla.
363 1384 543 1445 Admissum
564 1383 624 1446 luit
641 1389 672 1446 et
687 1384 747 1448 hoc
769 1384 922 1448 nefarium
940 1388 1051 1450 scelus.
1091 1387 1231 1453 Victores

99 1471 210 1532 rustici
235 1490 297 1532 non
322 1469 425 1532 solum
448 1476 611 1531 matronas
639 1473 712 1532 ante
735 1492 790 1533 ora
813 1472 997 1535 maritorum
1016 1477 1048 1535 et
1063 1478 1231 1554 parentum

100 1554 191 1618 foede
222 1576 258 1617 ac
289 1556 424 1635 turpiter
458 1552 640 1631 intuebant,
671 1554 725 1617 sed
759 1561 801 1629 et,
834 1557 920 1636 quod
953 1556 1086 1620 terreum
1121 1562 1232 1639 pectus

101 1641 224 1714 defleat,
249 1645 374 1702 teneras
406 1638 527 1720 puellas
558 1639 676 1719 passim
707 1640 880 1703 violabant.
925 1640 1036 1723 Neque
1069 1648 1232 1724 stuprasse

104 1727 345 1807 corrupisseque
368 1725 512 1788 contenti
536 1725 680 1787 certatim
706 1725 870 1788 irruebant
886 1728 917 1787 in
934 1747 1014 1808 opus
1036 1728 1231 1809 flagitiosum

103 1814 135 1872 et
151 1813 293 1893 impium,
317 1816 353 1873 ut
371 1810 522 1890 plurimas
546 1810 655 1872 dicant
671 1811 842 1874 sub‘onere
858 1811 1040 1889 decessisse,
1056 1818 1231 1879 strumosos

99 1901 207 1959 tamen
227 1895 371 1976 Ungaros
387 1895 517 1958 minime
533 1895 667 1958 satiatos
683 1895 780 1958 etiam
795 1896 840 1959 sic
857 1896 1015 1961 defunctis
1036 1899 1228 1964 incubuisse.

102 1980 352 2062 Olllagdalena‚
383 2002 401 2043 o
433 1980 505 2042 diva
538 1979 633 2056 Lena,
668 1981 779 2043 talium
814 1986 964 2063 perpetua
997 1985 1150 2066 patrona!
1196 1984 1231 2049 Si

98 2073 177 2130 tunc
210 2066 441 2149 propugnatrix
473 2085 536 2127 non
568 2063 669 2142 fuisti,
699 2088 803 2129 assere
835 2067 945 2131 saltem
970 2069 1137 2133 Gotbanas
1170 2071 1232 2134 vir·

101 2153 256 2232 gunculas
294 2152 334 2214 ab
374 2150 556 2214 inordinata
593 2150 771 2215 colluvione
807 2151 1002 2217 subantium.
1060 2154 1162 2219 [lnam
1199 2161 1232 2220 et

100 2238 232 2300 alteram
258 2236 431 2299 mentulam
464 2236 609 2316 quamvis
633 2235 713 2299 bene
736 2237 889 2300 tumidam
923 2259 985 2302 non
1017 2241 1142 2318 timent,
1175 2242 1230 2304 sed

101 2323 310 2403 deprecantur
350 2322 584 2385 multitudinem
623 2323 822 2403 operantium
860 2323 1074 2404 iniquitatem.
1136 2325 1230 2403 Haec,

100 2408 226 2472 Urbane
251 2415 349 2490 pater,
373 2407 434 2470 tibi
457 2406 599 2473 dicamus
622 2405 682 2470 hac
705 2406 788 2471 festa
811 2407 888 2471 luce.

255 2508 317 2561 Cod.
336 2507 402 2562 Frcl.
421 2507 479 2561 000.

99 2695 215 2764 (Gotha.)
621 2680 694 2744 467.
997 2696 1038 2751 20.
1056 2695 1134 2751 Mart.
1154 2699 1228 2753 1515.

406 2809 552 2880 Mutian
574 2829 622 2878 an
644 2808 689 2877 Η.
711 2806 920 2876 Eberbaoh.

98 2937 227 3004 (Petrrp'ua
244 2938 294 2989 soll
315 2937 467 2991 Curionibus
484 2936 516 2990 in
538 2937 623 2991 Gotho
637 2935 772 3005 percorden
789 2935 855 2988 seira
891 2935 985 2989 mean
1007 2937 1089 2989 donkt
1110 2936 1158 3004 fdr
1179 2938 1230 2991 den

99 3023 147 3058 ron
167 3006 300 3057 Elmrbnclr
318 3023 363 3057 nan
382 3006 481 3126 Fipper
497 3008 583 3090 seinse
600 3005 748 3085 Mr'r'drlrens¹
763 3004 927 3084 profunderem
943 3005 1023 3072 Βίης.
1059 3004 1143 3073 Klape
1165 3006 1229 3059 iiber

429 3075 521 3127 roboras
538 3074 687 3126 brrrslrchee
705 3072 910 3139 Marspesclrsrk.)

142 3187 392 3238 Celebratissimo
410 3185 531 3237 doctori
548 3190 581 3238 et
598 3185 717 3237 medico
736 3187 834 3236 Henr.
852 3185 1068 3245 Apeubacobo,
1085 3187 1184 3236 amico

320 3285 383 3320 non
401 3273 543 3333 gregario
560 3271 616 3323 aad
633 3271 785 3332 singulari
803 3268 857 3336 (Μ.
875 3267 998 3336 Rarus).

202 3381 234 3446 S.
295 3380 439 3461 Patrejus
477 3386 583 3446 noster
620 3382 737 3447 dicitur
774 3382 960 3462 impetrasse
1004 3381 1226 3444 canonicatum

99 3467 307 3531 Gotlranum.²
352 3466 511 3548 Exspecto
535 3469 673 3550 diploma
689 3474 721 3531 et
737 3468 815 3531 nibil
832 3466 957 3529 avidius
972 3464 1114 3529 desidero
1130 3487 1227 3546 quam

99 3554 204 3616 videre
228 3553 356 3616 tandem
374 3555 405 3615 in
423 3552 518 3615 choro
536 3557 644 3617 nostro
662 3552 788 3617 fratrem
807 3557 907 3615 tuum.
953 3550 1104 3615 Eobanus
1120 3556 1228 3615 noster

98 3639 157 3701 tibi
181 3639 301 3719 gratias
323 3639 392 3719 agit
414 3639 454 3700 ob
479 3639 642 3701 inventum
667 3638 715 3701 vel
739 3638 846 3719 potius
868 3640 1026 3718 repertum
1055 3635 1196 3699 anulum.
1212 3648 1227 3676 ⁸

100 3725 149 3786 bii
180 3725 265 3798 boni,
298 3723 394 3786 talem
425 3724 484 3787 alis
514 3723 661 3805 puellam,
692 3724 818 3805 qualem
842 3744 881 3785 ne
904 3720 1068 3785 Thessalia
1097 3721 1225 3803 quidem

98 3809 220 3885 babuit,
238 3814 349 3889 utpote
364 3808 455 3891 cujus
471 3810 501 3871 in
520 3808 655 3890 digitulo
672 3810 821 3872 abstrusa
844 3805 1076 3888 contempleris.
1115 3805 1227 3873 Valeat

97 3894 280 3969 Mercurius.
315 3894 470 3958 furtorum
503 3895 680 3976 indagator,
715 3893 843 3957 valeant
872 3890 1025 3955 Chaldaei
1046 3894 1079 3954 et
1101 3892 1225 3957 divina-

97 3980 169 4051 culi.
193 3980 219 4043 si
244 3981 275 4042 in
300 3986 397 4043 uncto
421 3985 546 4044 tantum
570 3984 620 4043 est
641 3979 824 4060 unguiculo.
840 3976 877 4017 ¹³⁸
921 3976 1028 4053 Effice,
1052 3977 1099 4041 vir
1114 3978 1226 4042 huma-

98 4066 238 4141 nissime,
261 4070 297 4127 ut
320 4087 426 4147 parem
457 4067 559 4128 amico
587 4065 713 4129 cuidam
743 4069 852 4129 nostro
882 4063 963 4126 seras
992 4083 1094 4146 opem.
1140 4062 1223 4127 Vale.

96 4150 177 4213 Xlll.
203 4150 268 4213 Cal.
294 4150 390 4232 April.
438 4150 529 4213 Anno
552 4151 677 4214 MDXV.

201 4235 340 4316 Navigat
370 4236 556 4299 reflantibus
587 4237 705 4300 austris
734 4234 884 4299 Eobanus
906 4237 938 4296 et
960 4233 1069 4316 procul
1091 4232 1183 4297 abest
1205 4256 1225 4298 a

99 4330 201 4402 portu.
248 4320 377 4384 Coelum
409 4321 550 4403 undique
572 4328 604 4384 ct
627 4321 767 4401 undique
797 4341 891 4383 mare.
937 4316 1225 4383 Gemuutvelaet

152 4436 372 4539 fraiapane:
393 4471 480 4539 puella
497 4473 523 4525 in
542 4472 624 4541 digito
641 4472 709 4525 vidit
727 4471 853 4524 amissum
872 4468 989 4524 anulum.
1047 4472 1094 4522 bu
1148 4467 1223 4525 icolo.

167 4540 250 4608 ¹l'gl.
270 4542 296 4593 S.
315 4541 366 4593 478
384 4546 414 4593 Α.
433 4544 456 4595 5.
528 4541 605 4594 'Dio
629 4539 775 4594 Nachriclrt
798 4554 853 4591 war
875 4536 1067 4605 unbegrtiudet.
1124 4553 1150 4589 r.
1163 4536 1231 4588 454,

98 4609 226 4673 1111341.
259 4610 377 4676 l'otrejus
390 4626 411 4664 s.
424 4613 491 4678 Aug.
513 4610 580 4664 1513
598 4610 625 4662 iu
643 4607 748 4663 Italion.
772 4606 875 4663 85515
894 4607 972 4661 lab.
1019 4600 1254 4669 *Vdffivffl-

968 4670 1046 4739 Ἃὶ
