2774 4966
536 699 641 753 Mation
661 715 695 752 an
714 696 813 753 Urbau.
1172 697 1236 765 433

107 868 314 952 opinionibus
357 868 539 932 omnimodo
584 867 679 944 iavet,
717 889 800 949 qnae
837 867 1066 932 haereticorum
1112 867 1239 934 aculeos

108 955 252 1033 hebetat,
296 953 471 1036 Origenis⁸
512 954 746 1018 deliramentab
783 954 886 1016 elevat
923 959 954 1016 et
992 953 1109 1035 ubique
1147 954 1240 1018 deum

107 1045 270 1105 auctorem
300 1040 388 1103 citat.
434 1039 509 1102 Fuit
536 1039 589 1102 ille
618 1041 748 1103 natione
779 1038 951 1115 Hebraeus,
983 1038 1179 1119 professione
1207 1045 1241 1104 et

108 1130 183 1191 voto
209 1124 392 1198 monachus,
416 1124 574 1206 dignItate
596 1124 707 1201 abbas,
728 1128 838 1205 gratus
854 1122 1024 1189 admodum
1048 1129 1085 1186 ut
1107 1125 1240 1188 intimus

108 1233 127 1274 a
150 1211 305 1274 secretioc
329 1208 508 1274 Theodosio
525 1209 660 1273 Juniori.
706 1209 848 1272 Fortuna
861 1209 961 1291 jocari
978 1208 1088 1284 voluit,
1109 1208 1240 1274 fortuna

72 1358 74 1362 ,
109 1298 249 1378 inquam,
262 1317 344 1376 quae
356 1295 475 1375 gloriae
491 1295 632 1358 carnifex
648 1295 835 1376 appellatur.
876 1294 1018 1358 Abstulit
1033 1295 1078 1357 illi
1095 1294 1240 1359 dextram

109 1386 236 1464 propter
275 1382 488 1461 suspicionem
527 1381 680 1461 epistolae
718 1380 920 1462 proditoriae.
977 1378 1118 1443 Tandem
1156 1380 1242 1444 clara

109 1469 227 1530 veritas
250 1467 377 1528 emersit
401 1465 567 1528 voluntate
590 1465 641 1528 dei
664 1469 695 1528 et
718 1467 867 1547 purgavit
888 1465 1001 1529 falsam
1024 1464 1159 1546 culpam.
1205 1464 1240 1529 Si

112 1573 186 1633 ergo
225 1550 337 1614 dextra
375 1552 486 1626 caruit,
525 1551 660 1613 dictavit
693 1551 928 1632 exceptoribus,
960 1551 1021 1613 nisi
1055 1549 1240 1614 Scaevolam

109 1638 254 1701 imitatus
291 1637 422 1699 sinistra
459 1657 555 1698 manu
593 1636 757 1717 scripsisse
795 1636 927 1699 dicatur.
983 1636 1181 1717 Interpres,‘¹
1214 1636 1242 1700 si

110 1723 237 1803 quaeris
271 1722 348 1802 quid
381 1723 527 1795 sentiam,
563 1742 723 1784 sacrarum
757 1721 919 1784 literarum
950 1721 1115 1785 consultus
1138 1727 1188 1786 est
1210 1730 1243 1785 et

110 1809 230 1890 optime
254 1807 386 1869 meritus
410 1806 602 1869 deecclesia
626 1806 737 1882 latina,
761 1806 814 1869 sed
839 1812 871 1868 et
894 1806 932 1868 de
955 1806 1024 1887 ipsa
1039 1806 1242 1896 philosophia

111 1892 327 1976 peripatetica.
367 1891 525 1955 Traduxit
540 1892 622 1954 enim
641 1891 843 1955 Aristotelem
860 1892 899 1953 de
915 1911 1028 1973 graeco
1045 1893 1078 1955 in
1094 1892 1241 1969 latinum,

110 1982 143 2041 et
165 1979 241 2059 quia
263 1976 481 2040 subobscurus
505 1983 581 2054 erat,
605 1976 779 2040 illustravit
801 1977 1024 2041 enarratione.¹
1064 1970 1242 2042 VidiPauli

110 2062 263 2144 epistolas
285 2062 326 2126 ab
350 2083 386 2124 eo
411 2063 534 2126 curiose
557 2062 636 2125 satis
660 2059 880 2125 emaculatas.²
927 2062 1126 2141 Psaltcrium‚
1157 2064 1243 2144 quod

111 2149 285 2229 castigasse
319 2148 444 2225 dicitnr,
483 2168 548 2210 non
581 2145 672 2210 viui!
716 2147 849 2228 Dignus,
881 2147 927 2211 ita
957 2169 1007 2211 me
1039 2147 1116 2212 dens
1147 2153 1242 2225 amet,

111 2255 203 2315 quem
228 2255 305 2296 auro
329 2233 449 2296 donent
471 2238 503 2295 et
526 2231 634 2296 colent
655 2231 796 2314 theologi
820 2233 1097 2314 velutaugustum
1113 2256 1241 2297 numen.

111 2319 216 2383 Unum
240 2320 272 2381 in
297 2318 406 2381 eodem
431 2317 584 2394 desidero,
608 2317 692 2399 quod
709 2318 817 2382 literas
834 2318 1036 2383 humaniores
1052 2319 1245 2401 primoribus

112 2410 237 2469 tantum
264 2403 373 2484 digitis
396 2406 648 2485 pertractaverit,
673 2404 766 2485 longe
789 2405 822 2466 in
845 2403 906 2466 hac
928 2404 1021 2468 laude
1044 2405 1176 2469 Erasmo
1194 2406 1244 2468 in·

112 2489 216 2554 ferior.
262 2488 324 2551 Sed
349 2489 386 2551 de
410 2488 595 2551 Clichtoveo
619 2492 651 2551 et
673 2489 741 2570 ejus
769 2489 802 2550 in
832 2489 973 2553 divinum
1003 2494 1124 2572 patrem
1153 2512 1246 2572 para·

113 2573 235 2657 phrasi*
258 2573 337 2636 nibil
361 2574 464 2636 dicam
487 2574 584 2649 aliud,
608 2595 702 2655 quam
736 2575 820 2638 lectu
856 2575 987 2656 dignum
1021 2575 1120 2639 videri
1153 2596 1244 2659 opus,

74 2662 248 2742 ,..·primum
284 2658 369 2740 quod
403 2657 541 2722 Thomas
571 2663 601 2721 et
630 2658 743 2722 Scotos
774 2664 805 2722 et
837 2680 963 2723 omnem
997 2660 1244 2725 theobardorum

112 2744 252 2809 scholam
291 2744 528 2824 contempserit,
562 2743 676 2806 deinde
711 2743 794 2826 quod
828 2744 883 2807 illa
916 2745 1030 2826 gallica
1064 2745 1243 2827 loquacitas

113 2852 177 2894 non
201 2831 243 2892 eit
265 2829 396 2892 omnino
419 2828 532 2892 frivola
555 2829 586 2891 et
609 2829 722 2891 inanis.
767 2828 856 2893 Tunc
872 2831 955 2893 enim
973 2830 1126 2910 probatur
1142 2833 1244 2895 oratio

113 2916 262 2999 pinguior
286 2919 318 2977 et
340 2914 479 2995 grandis,
511 2913 640 2994 quando
675 2915 853 2996 prurientes
887 2917 1065 2978 sententiae
1094 2920 1127 2978 et
1153 2917 1246 2997 quasi

112 3001 308 3065 irritationes
331 2999 485 3080 quaedam
511 2999 637 3081 legendi
659 3020 723 3063 non
747 3000 872 3064 desunt.
918 3000 1002 3064 Vale.

269 3100 329 3154 i'od.
349 3099 415 3152 I'rcl.
437 3101 492 3152 171.

115 3308 231 3377 (Gothic.)
642 3292 714 3355 363.
1047 3308 1071 3360 7.
1089 3307 1153 3361 Juni
1172 3308 1246 3363 1514.

493 3417 636 3488 Mutian
660 3438 707 3488 an
731 3417 871 3488 Urban.

115 3547 223 3613 (Urbem
246 3547 296 3599 soll
318 3548 377 3599 dem
397 3545 535 3616 Theclopen
559 3546 702 3614 Kc'rclrlrcrp
719 3547 767 3613 fiir
783 3548 826 3599 die
841 3527 989 3614 galatheam
1012 3547 1116 3600 Bir'clrrr
1136 3547 1246 3609 deralccn,

113 3617 184 3668 marli
208 3617 267 3668 dem
292 3615 382 3667 Prer'ee
405 3614 449 3666 dea
471 3616 656 3667 Demosccmrs
681 3616 738 3667 und
760 3616 830 3668 'naeu
847 3616 905 3668 dena
924 3615 1088 3668 Psadcrium
1105 3617 1163 3668 mul
1177 3616 1248 3668 crach

119 3685 257 3737 Clirrrnmm
280 3684 380 3750 fragm.
418 3683 521 3735 Beerrclr
544 3684 588 3735 dre
609 3683 707 3735 rmum
729 3684 785 3736 Jor.
811 3683 914 3746 Setiae,
937 3685 982 3736 der
1000 3701 1049 3735 rme
1066 3685 1125 3736 (tera
1143 3683 1249 3736 Handel

138 3753 283 3824 Rcurlrlr'na
300 3752 400 3805 crart‘lrlt
418 3752 471 3805 hol.
509 3751 655 3818 Armiferam
672 3752 718 3802 cler
736 3752 801 3803 Dice
818 3768 897 3818 pepon
914 3752 956 3803 die
975 3752 1224 3819 mumtimsa'nde.)

82 3839 84 3843 ¹
143 3866 282 3915 Heni-ico
300 3865 428 3915 Urbano
446 3865 562 3916 rectori
581 3863 690 3914 domus
707 3865 913 3925 Georgianae,
930 3866 1079 3925 magistro
1097 3865 1220 3924 eximio,

176 3950 275 4000 amIco
293 3950 478 4009 praesentia,
497 3950 661 4010 praeteriti
679 3952 711 4000 et
729 3949 828 3999 Iuturi
846 3949 995 4009 temporis
1012 3950 1057 3999 Μ.
1075 3948 1187 3999 Rufius.

219 4059 251 4123 S.
298 4061 358 4136 Qui
383 4062 451 4124 vult
474 4060 607 4124 lroneste
631 4062 745 4134 vivere,
770 4060 895 4124 velitari
919 4081 1048 4123 necesse
1070 4059 1168 4123 babet
1191 4061 1248 4123 ad·
1324 4087 1327 4093 ·

116 4168 241 4209 versum
280 4168 400 4208 errores
435 4151 466 4209 et
501 4147 588 4209 vitia,
647 4146 790 4208 Munitus
825 4147 923 4226 igitur
955 4146 1120 4208 doctrinae
1152 4147 1248 4209 armis

115 4284 321 4292 —.-----...

157 4362 344 4439 'nquae'eor
362 4347 482 4415 Origonis
501 4346 647 4400 rciederlmlt
667 4347 741 4400 Tam.
804 4347 1021 4414 bdelyramcntn.
1087 4350 1247 4402 casccrctis.

117 4416 309 4537 dsnliuliiciiislii
324 4415 520 4537 libriliblldkirl.
540 4484 608 4536 Pam
626 4485 712 4537 brasis
731 4483 756 4535 in
776 4483 840 4536 VIII
858 4483 1034 4550 Plrysicorum
1053 4483 1133 4537 libros
1147 4484 1247 4537 Aristo-

117 4553 185 4605 telis.
221 4552 280 4606 Par.
301 4552 374 4606 1492.
428 4553 439 4584 ²
479 4553 531 4605 aris
551 4501 625 4605 rolli
679 4552 946 4620 31’ς1.8.36611.4.
1001 4551 1143 4605 ⁴J0docus
1160 4551 1247 4605 Clich-
1309 4550 1312 4556 '

117 4626 220 4685 torena,
238 4621 337 4674 Lebror
355 4637 388 4672 zu
406 4620 495 4673 Paris:
520 4620 706 4673 Commentarii
726 4621 752 4672 in
769 4620 809 4674 Jo.
828 4619 987 4672 Damasceni
1011 4618 1091 4672 libros
1109 4621 1141 4673 de
1159 4622 1248 4673 ortho-

118 4689 188 4742 doxa
204 4690 263 4742 fide.
300 4688 358 4743 Par.
379 4690 444 4741 1507
464 4689 517 4740 und
536 4689 585 4741 mit
602 4688 699 4741 Fabcra
717 4689 897 4743 Damascenus
916 4688 992 4742 1512.

145 4777 279 4818 norinorum
292 4778 319 4816 r.
334 4777 359 4816 a.
374 4763 507 4825 sappini.
1012 4757 1064 4820 ‘bb

1365 4740 1382 4851 l
