2774 4966
135 613 198 680 562
553 615 640 668 Brieie
660 613 706 668 des
724 613 748 668 J.
770 615 842 669 1515.

135 790 289 868 patronus
318 784 386 849 vita
416 785 546 850 functus
576 792 634 864 cst,
666 787 788 870 perdidi
818 791 922 851 totum
950 783 1092 853 officium
1118 792 1151 855 et
1175 811 1278 873 cogor

135 871 256 936 diutius
280 871 544 953 pythagorissare.
560 884 574 912 ²

259 956 433 1038 improvisa
455 959 596 1022 animum
621 958 771 1023 Lachesis
795 959 930 1042 caligine
952 958 1074 1037 turbat,

303 1044 458 1121 destituit,
484 1048 589 1122 vexat,
612 1045 810 1127 praecipitat,
835 1045 965 1108 cruciat.

259 1128 340 1192 Ecce
362 1130 436 1207 ruit,
460 1131 515 1210 qui
538 1130 623 1193 fixus
646 1135 714 1193 erat
736 1129 835 1212 lapis,
860 1130 949 1194 irrita
973 1133 1046 1194 vota

303 1220 380 1277 suut
402 1237 480 1278 mea.
526 1214 581 1278 Sic
602 1219 733 1279 versant
756 1215 865 1278 invida
887 1216 982 1279 iatab
1006 1221 1118 1280 rotam.

261 1298 323 1363 Sed
346 1305 452 1364 tamen
477 1305 514 1364 ut
537 1301 698 1364 celebrent
721 1302 846 1365 venturi
869 1321 984 1365 nornen
1007 1300 1143 1380 humati,

304 1384 363 1449 hos
385 1406 541 1449 memores
565 1407 673 1450 versus
696 1386 892 1468 sarcophago
916 1386 1072 1452 dabimus.

262 1469 311 1533 nh
336 1471 432 1552 dolor,
457 1471 620 1553 expositos
644 1472 746 1536 doctis
769 1472 885 1536 invidit
907 1471 1044 1535 honores

304 1555 369 1620 fors
391 1557 484 1630 mala,
508 1577 579 1620 curn
604 1559 719 1638 rapuit,
743 1556 975 1638 Eitalouolphe,
999 1563 1082 1621 tuos.

242 1639 305 1705 Sed
329 1640 407 1705 haec
430 1641 587 1725 Epicurus
603 1642 734 1706 deridet.
782 1643 842 1706 llos
858 1648 964 1706 autem
982 1641 1082 1707 Stoici
1099 1641 1277 1706 admittitis

138 1727 170 1789 in
189 1726 308 1807 templa
324 1732 356 1790 et
373 1729 502 1808 pietatis
519 1749 592 1809 ergo
609 1728 716 1810 legitis
732 1727 903 1809 ,Requiem
916 1726 1107 1792 aeternam.“
1125 1738 1137 1766 ⁰
1182 1725 1276 1790 Vixit

138 1812 198 1876 ille.
255 1810 302 1876 Tu
336 1812 445 1877 literas
480 1835 566 1876 meas
599 1814 748 1877 combure
783 1813 832 1876 vel
865 1814 955 1877 trade
992 1811 1200 1895 Nepotiano,'
1236 1818 1278 1875 ut

139 1920 264 1962 carmen
289 1899 418 1962 ediscat.
463 1896 534 1962 Non
551 1903 624 1979 eget
638 1898 729 1962 lucis
775 1898 886 1980 Neque
902 1899 984 1962 enim
1002 1898 1143 1981 Sibyllae
1159 1897 1274 1961 folium

139 1988 197 2047 est.
236 1982 385 2047 Gratulor
401 1983 583 2047 Hereburdo
600 1990 708 2048 nostro
725 1982 857 2048 reduci²
903 1984 1129 2066 Magnanimos
1143 1982 1276 2064 juvenis

138 2069 228 2147 bene,
253 2068 396 2133 ut'fama
419 2074 477 2146 est,
508 2068 744 2133 administravit
775 2070 945 2150 legationis
974 2092 1098 2134 munus.
1144 2069 1276 2132 invenit

142 2156 313 2240 propitium
337 2156 526 2231 antistitem,
550 2157 605 2237 qui
628 2159 665 2218 ut
687 2156 783 2219 audio
800 2155 950 2219 festivum
966 2154 1162 2236 triumphum
1181 2175 1275 2235 prae-

139 2245 239 2321 parat,
257 2245 293 2303 ut
309 2241 393 2303 cives
409 2241 505 2303 vestri
529 2245 707 2321 agnoscant
730 2263 821 2304 suum
846 2241 1029 2323 principem.
1068 2241 1113 2303 De
1128 2244 1275 2320 tempore

140 2327 291 2390 introitus
314 2326 363 2388 fac
388 2348 436 2388 me
459 2347 577 2405 quaeso
601 2324 792 2390 certiorem.³
837 2326 922 2388 Vale.
969 2327 1002 2389 V.
1030 2327 1137 2389 Nonas
1167 2324 1275 2388 Julius

138 2411 265 2475 lllDXV.
282 2412 296 2449 ⁰¹

293 2512 355 2565 ind.
375 2511 440 2564 Fros.
459 2510 519 2564 490.

140 2698 255 2768 (oolla.)
666 2683 738 2746 498.
1100 2696 1167 2766 (surr
1186 2698 1276 2766 1515.)

479 2808 624 2877 Mutian
647 2828 696 2877 an
719 2807 930 2877 Reuohliu.⁴

139 2934 233 3003 (illunc
244 2936 307 2989 iiber·
318 2937 368 2988 den
383 2935 433 2988 rod
445 2934 596 3002 Er‘lelrrolfs,
610 2936 655 2988 der
667 2935 799 2988 Reuclrlin
816 2933 950 3001 r·ertcidi9t
968 2933 1052 2987 haben
1069 2933 1165 2987 werde.
1196 2935 1276 2988 rinch

434 3005 606 3058 Srurtlrurrsrn
622 3005 666 3057 rin
686 3005 794 3056 hhuund
811 3003 974 3066 Rcuchla'ns.)

169 3121 338 3181 Magnifice
357 3123 389 3170 et
406 3120 658 3180 eloquentissimo
672 3121 924 3181 jurisperitorum
942 3117 963 3169 J
964 3117 1058 3167 oanni
1075 3117 1242 3175 Reuchliru

301 3208 498 3268 praeceptori
518 3210 549 3257 et
566 3212 699 3268 patrono
717 3205 896 3256 venerando
915 3202 970 3271 (Μ.
988 3200 1111 3269 Rufus).

244 3317 433 3382 Doctissime
468 3319 615 3393 virorum,
650 3318 757 3380 salvus
787 3316 839 3379 sis.
897 3315 979 3392 Quid
1013 3313 1116 3378 habeo
1150 3316 1278 3394 praeter

140 3402 243 3467 nudas
274 3403 391 3482 literae,
424 3405 508 3485 quod
541 3404 670 3467 honoris
700 3403 804 3484 gratia
837 3400 899 3466 tibi
933 3400 1079 3464 tradam?
1123 3399 1276 3463 Officium

143 3490 225 3554 euim
256 3511 360 3553 meum
384 3494 416 3552 ct
440 3489 535 3553 fidam
569 3488 824 3552 benevolentiam
856 3487 932 3550 olim
955 3489 988 3549 in
1012 3486 1146 3549 diarium
1181 3489 1275 3548 tuum

141 3575 298 3657 recepisti.
355 3576 525 3639 Amisimus
564 3582 804 3638 conterraneum
843 3579 933 3636 tuum
973 3570 1276 3651 Eitatuolphum,0⁸

140 3661 242 3725 virum
281 3661 500 3739 clarissimum,
539 3661 589 3724 cui
626 3664 752 3723 tanturn
791 3659 993 3722 auctoritatis
1030 3662 1097 3720 erat
1134 3658 1165 3719 in
1201 3656 1276 3720 aula

141 3747 302 3830 pontilicis
337 3747 469 3825 hiberti,
494 3750 530 3810 ut
555 3748 675 3828 primus
710 3748 793 3808 esset
823 3750 855 3806 ct
887 3744 1064 3819 haberetur,
1099 3742 1166 3805 sire
1201 3742 1278 3807 belli

210 3949 224 3975 a
237 3936 264 3986 ct
282 3974 287 3984 .
302 3975 327 3986 ..
346 3931 559 4000 pythagorissara
576 3930 641 3997 fehlt
659 3929 700 3981 bct
721 3929 823 3982 Curncr.
882 3928 978 3980 blacta
998 3925 1071 3978 lena.
1130 3925 1279 3994 erecinium

142 4004 274 4056 aetornum
293 4001 434 4068 precamini
459 4002 560 4053 (henan
623 3997 769 4051 dMlleV
791 3998 864 4049 Tene.
928 3995 1152 4062 ⁰Eitalvclphunr
1174 3993 1278 4062 aeica.

214 4070 266 4125 ι8.
285 4070 337 4123 552
354 4073 385 4123 Α.
405 4070 431 4122 2.
503 4068 589 4135 'Vgl
609 4066 635 4120 S.
655 4068 705 4121 559
723 4070 754 4120 A.
773 4067 797 4117 4.
870 4063 1090 4132 ³1nrg0p1ann
1108 4062 1212 4131 Etnzug
1229 4064 1280 4116 des

141 4139 217 4192 Erzb.
237 4156 262 4192 r.
281 4138 368 4191 Maiuz
387 4138 449 4191 laud
467 4153 557 4205 u'egcn
576 4136 743 4204 loindseligor
761 4133 878 4201 Haltung
896 4132 1027 4186 Snclrscns
1044 4130 1120 4183 nicht
1137 4133 1211 4209 stattn.
1230 4133 1279 4184 ob-

143 4208 212 4260 nohl
230 4223 290 4259 mou
309 4208 354 4258 ihu
373 4206 414 4259 bis
433 4207 458 4257 iu
479 4206 529 4257 deu
548 4204 645 4257 Hcrbst
663 4206 806 4257 aruvarteto.
861 4202 962 4254 *Auch
983 4201 1086 4268 abgedr.
1106 4216 1130 4251 v.
1150 4199 1279 4267 Gargar,

146 4277 174 4330 lt.
194 4275 457 4337 reserauerat,
478 4275 582 4325 wodor
605 4273 648 4325 Br.
673 4273 699 4324 in
725 4273 777 4324 den
800 4271 863 4323 Juui
890 4275 990 4337 gosctzt
1016 4270 1058 4327 ist
1087 4268 1212 4322 withroud
1241 4269 1280 4324 Μ.

144 4346 209 4398 uach
230 4346 280 4396 dou
301 4361 354 4397 ror.
374 4343 479 4396 Briolou
496 4342 538 4394 die
557 4341 702 4394 Nachricht
727 4357 777 4393 rou
804 4339 947 4391 Eitolwolss
973 4338 1042 4391 'lodo
1070 4341 1123 4390 cist
1151 4337 1187 4388 im
1217 4340 1278 4390 Aul.

141 4413 196 4466 Juli
214 4412 315 4465 orhiclt.
352 4413 387 4465 Es
406 4413 439 4463 ist
458 4427 506 4463 aus
525 4412 571 4463 der
595 4411 652 4462 Zcit
676 4410 722 4461 des
750 4407 970 4461 Rouchliuisohen
999 4406 1108 4460 Stroites
1135 4405 1181 4456 dor
1208 4411 1280 4458 urstu

142 4479 276 4535 euholteue
295 4482 338 4533 Br.
358 4481 474 4533 Mutians
493 4496 525 4532 uu
545 4478 683 4532 llouehliu.
709 4493 800 4530 ausser·
825 4476 953 4528 walchem
974 4477 1020 4527 wir
1038 4475 1171 4526 unruoch
1199 4475 1288 4527 einen.

131 4553 249 4605 zwettcn
270 4551 388 4605 hesitzeu
409 4568 434 4605 r.
458 4551 496 4604 13.
515 4548 587 4618 Sunt.
607 4549 706 4619 llhlltl.
732 4545 774 4600 ill.
791 4545 840 4597 uir.
858 4560 915 4612 opu.
935 4544 966 4595 ad
986 4544 1015 4598 R.
1035 4561 1049 4595 a
1068 4544 1115 4594 3a.
1151 4543 1281 4611 Geiger,

129 4619 283 4679 turrem.
305 4622 332 4679 S.
352 4624 413 4681 256.
455 4622 514 4694 l'gl.
536 4622 586 4677 Xr.
605 4618 667 4675 utta.
737 4615 862 4669 'efflui
885 4612 956 4664 hsta.
