2774 4966
420 37 1377 311 1-

188 631 250 699 358
603 628 690 683 Briete
707 628 753 683 des
770 628 795 685 J.
815 629 888 685 1518.

188 808 221 869 et
244 802 400 886 quomodo
423 803 488 866 sint
510 800 680 865 adhibendi
704 804 812 864 testes.
858 800 987 865 Parcius
1015 802 1171 867 advocent
1197 805 1309 871 incon·

189 911 266 973 grue
296 889 487 962 testimonia,
519 887 691 950 modestius
717 886 879 969 proterant
910 890 1078 969 scriptores
1104 891 1309 957 auctoritatis

190 974 445 1050 contemnendae,
477 979 508 1036 et
545 974 571 1036 si
609 973 774 1054 digladiari
810 974 892 1036 inter
929 996 962 1036 se
998 974 1119 1053 volunt,
1157 983 1194 1039 ut
1230 982 1310 1042 sunt

191 1082 358 1144 pugnaces
382 1082 454 1122 snos
477 1058 538 1122 sibi
562 1064 785 1122 consectaneus
800 1061 900 1121 citent
915 1066 946 1123 et
962 1060 1122 1125 adducant
1137 1063 1309 1127 contuber-

190 1148 285 1210 nales.
331 1144 378 1209 'l'u
402 1151 434 1208 et
456 1166 513 1207 nos
536 1145 680 1226 discipuli
703 1146 750 1207 tui
772 1144 834 1208 alio
851 1151 1039 1226 spectamus
1062 1150 1308 1228 praestantiores

190 1234 347 1314 sequimur
359 1253 459 1311 neque
473 1231 561 1294 variis
574 1231 862 1311 commenticiisque
876 1242 890 1269 ⁸
906 1231 1105 1313 captionibus
1119 1234 1305 1299 accedimus.

191 1319 312 1394 Quibus
334 1321 390 1380 tna
413 1316 550 1397 gravitas
572 1316 763 1379 christianae
784 1315 961 1396 theologiae
977 1318 1090 1381 studiis
1105 1321 1307 1384 ornatissima

189 1403 288 1469 refelli
319 1401 402 1485 apud
435 1423 569 1482 aequum
604 1401 845 1483 disceptatorem
879 1407 935 1466 aut
966 1403 1102 1483 judicem
1135 1404 1222 1469 nulla
1254 1408 1308 1471 via

191 1493 304 1573 potest.
349 1487 424 1550 Vale
447 1491 487 1564 et,
511 1492 547 1550 ut
568 1488 737 1563 consuesti,
762 1509 810 1550 me
833 1487 937 1569 dilige.

267 1599 302 1662 ln
326 1598 573 1679 Peperiphronas
596 1598 831 1679 superstitionis
856 1599 934 1661 vitio
957 1602 989 1662 et
1011 1599 1233 1664 malevolentia

644 1686 848 1747 aestuantes¹

291 1769 389 1833 Balbe
412 1769 624 1852 sophistarum
646 1769 739 1833 sileat
760 1790 901 1848 censura,
926 1769 1065 1851 profectu

343 1856 468 1919 irritant
491 1858 616 1919 doctum
641 1855 833 1936 Capuionem
858 1855 946 1919 fatui.

289 1941 421 2023 Despuit
444 1943 476 2006 in
500 1943 651 2006 celebrem
675 1941 774 2004 bucca
797 1943 971 2022 crepitante
994 1940 1132 2005 Saevum

344 2032 377 2091 et
400 2029 462 2091 ciet
484 2028 634 2111 ambages
655 2027 742 2109 lippa
764 2025 913 2091 cathedra
936 2028 1037 2091 rudes.

290 2112 372 2188 Quid
393 2114 464 2191 tibi,
484 2114 594 2190 Barde‚
618 2119 711 2176 nocet
733 2114 815 2193 grati
838 2111 1022 2195 Thymiama
1044 2112 1194 2194 vaporis?

345 2199 423 2263 llere
445 2200 572 2263 tabifico
595 2203 667 2263 tura
690 2197 813 2262 Sabaea
836 2221 964 2265 cremae.

295 2285 383 2361 Quod
407 2286 548 2349 rabidam
572 2286 687 2348 eunllet
708 2285 864 2348 flammam
888 2285 1070 2350 recutitusb
1093 2283 1206 2365 agaso,

347 2372 464 2435 torridu
487 2372 645 2453 falsiloqui
669 2371 804 2451 pectoris
827 2370 928 2433 Aetna
951 2372 1040 2435 calet.

293 2481 430 2545 Primum
462 2490 606 2546 nutamus
635 2485 776 2549 frivolam
801 2507 975 2555 censuram,
1003 2487 1112 2563 utpote
1141 2481 1307 2544 notatione

194 2568 330 2649 dignam,
352 2590 421 2632 curn
445 2570 558 2651 perditi
582 2570 780 2635 Gnathoues²
796 2573 1019 2635 doctissimum
1044 2569 1158 2632 aetatis
1181 2572 1307 2629 nostrae

193 2655 287 2716 nimis
310 2676 418 2736 aspere
440 2659 588 2727 tractent,
612 2658 690 2720 falso
715 2658 848 2741 plurima
871 2657 1042 2737 culpantes
1088 2654 1157 2716 Non
1183 2658 1231 2715 est
1247 2651 1307 2716 hoc

192 2741 358 2820 castigare,
382 2742 435 2803 sed
459 2741 652 2805 maledicere.
698 2745 797 2826 liippa
820 2743 968 2808 cathedra
991 2762 1138 2803 arcanum
1163 2738 1234 2801 fidei
1251 2760 1307 2820 per

168 2832 393 2889 ,transennam
424 2829 579 2910 aspiciens
609 2830 746 2899 damnat,
781 2831 863 2911 quod
899 2830 1033 2908 ignorat.
1079 2825 1149 2889 Nun
1184 2823 1307 2888 faciunt

192 2912 417 2992 ambiguitates
441 2920 472 2976 ot
494 2915 688 2995 sophismata
711 2916 901 2998 theologum,
932 2915 984 2977 sed
1014 2912 1180 2975 vetustatis
1209 2911 1308 2973 auxia

193 2999 387 3079 perquisitiu
430 2998 585 3082 Despucre
609 3003 639 3063 in
663 3002 793 3064 alterum
819 3009 876 3066 et⁰
898 3000 1025 3081 elegans
1041 2997 1189 3078 loquendi
1205 2996 1307 3060 torma

194 3093 225 3147 et
247 3085 387 3164 antiqua,
423 3091 573 3168 tanquam
597 3088 681 3151 oleat
704 3110 795 3169 quem
819 3086 951 3152 fastidis.
998 3087 1133 3148 Saevum
1157 3083 1306 3147 hocloco

192 3169 355 3251 trisyllaba
400 3171 494 3233 dictio
538 3178 594 3233 est.
654 3172 837 3255 Thymiama
880 3173 991 3236 allusio
1029 3175 1076 3234 est
1114 3169 1151 3233 ad
1191 3190 1306 3233 nomen

194 3255 357 3319 Reuchlin.
403 3256 544 3337 Denique.
577 3263 685 3321 tantae
718 3260 930 3323 dimicationis
960 3262 1069 3320 auctor
1102 3260 1150 3318 est
1184 3255 1307 3319 invisus

193 3339 327 3423 Apella‚⁸
360 3344 413 3423 qni
445 3365 502 3405 sua
533 3343 693 3407 frendeat
717 3345 786 3407 dolo
818 3345 968 3409 excitavit
990 3344 1088 3424 ignes,
1120 3340 1235 3423 quibus
1258 3342 1308 3404 in-

193 3429 277 3491 censi
309 3427 438 3491 fanatici
473 3428 595 3491 'Scauri‘
629 3431 740 3493 ardent
770 3432 888 3495 invidia
919 3434 950 3493 et
982 3428 1207 3492 detrectatione
1236 3430 1307 3490 tnr-

192 3513 329 3596 pissima.

346 3631 405 3685 Cud.
424 3630 489 3684 Frel.
510 3631 565 3685 189.

260 3884 273 3910 ι
287 3876 313 3921 et
331 3869 515 3923 commentitiis
535 3870 607 3924 Terra.
677 3877 690 3913 b
706 3873 837 3924 ruentibus
858 3872 928 3924 Terra.
998 3880 1063 3923 cest
1084 3872 1156 3924 Terra.

192 3954 289 4007 andern
307 3955 345 4008 als
363 3956 421 4008 doru
440 3956 654 4024 nisprt'rnglichen
673 3959 752 4010 sinuo
770 3959 828 4010 eino
847 3958 925 4010 Stella
943 3958 981 4010 als
1000 3957 1080 4025 Beleg
1097 3959 1231 4021 anfi'rhrou
1252 3976 1308 4014 was

193 4022 235 4075 die
262 4023 359 4077 lihlner
385 4024 513 4077 lteuchlin
541 4029 715 4093 rorgeurnl'cn
743 4028 839 4079 hatten.
875 4031 899 4079 S.
925 4028 974 4080 352
991 4031 1021 4080 A.
1040 4030 1064 4079 l.
1137 4026 1309 4083 ¹Vielleicht

192 4091 266 4144 nicht
290 4109 322 4144 zu
344 4093 446 4145 Urbana
472 4094 544 4145 Briet
567 4094 679 4161 gehdrig.
717 4095 751 4147 Es
769 4096 892 4147 scheinen
917 4096 998 4148 Versu
1016 4094 1139 4155 llrrtiarrs,
1167 4112 1217 4149 von
1245 4097 1308 4151 dem

193 4161 268 4213 mehr
294 4163 381 4214 derant
408 4162 456 4214 init
483 4163 655 4229 angelriingter
683 4164 824 4232 Erlrliirung
849 4165 997 4217 rorhandeu
1026 4165 1060 4216 ist
1087 4165 1147 4233 (rgl.
1173 4164 1215 4218 ΒΓ.
1235 4166 1308 4235 243),

193 4230 314 4282 withrend
333 4247 382 4283 ron
402 4231 489 4283 [rhun
508 4231 582 4283 keiue
603 4232 763 4299 l'ersprohen
777 4234 811 4284 irn
824 4233 1006 4286 lhiesuechsel
1026 4235 1202 4287 rorlrornnren.
1232 4225 1309 4288 liber

191 4296 397 4365 Peperiphronos
421 4300 472 4368 rgl.
491 4301 516 4352 d.
535 4301 584 4352 349
602 4303 632 4354 A.
650 4302 674 4354 t.
744 4302 880 4367 ‘Gnathq
904 4303 950 4353 der
975 4302 1075 4355 l‘arasit
1098 4303 1133 4354 inr
1158 4302 1307 4357 Eunuchon

192 4367 238 4419 des
255 4366 358 4420 Torenz.
430 4368 617 4421 ³Jndonnanrc
638 4370 677 4421 troi
696 4369 786 4422 lloraz.
823 4370 887 4421 llier
904 4370 1069 4435 Pletlerhmm
1097 4372 1146 4423 uio
1164 4372 1211 4424 der
1229 4372 1307 4427 Glos-

192 4438 262 4488 sutor
279 4452 321 4488 arn
339 4435 427 4489 Raude
445 4437 589 4519 gleichlalls
608 4438 730 4490 henrorkt.
785 4441 793 4470 ⁴
812 4439 882 4491 Weil
900 4440 948 4491 «len
966 4440 1052 4493 ‚lnden
1070 4440 1151 4501 Ftisse
1169 4440 1219 4491 rnit
1233 4442 1307 4496 starlr

193 4502 421 4561 burrortretenden
438 4506 573 4559 hndcheln
591 4507 792 4575 augeschrieben
810 4508 920 4562 werdon.
958 4509 1014 4576 Vgl.
1033 4510 1059 4562 S.
1077 4509 1127 4562 352
1144 4511 1175 4561 A.
1194 4509 1218 4562 3.
