2774 4966
540 593 645 646 Mation
666 610 701 647 an
719 592 819 648 Urban.
1199 595 1240 660 23
1307 641 1309 646 .

123 785 170 827 ore
204 765 328 829 zedoar.
385 765 520 830 Suffitus
551 768 591 831 ad
619 771 651 832 te
678 770 812 833 mittam.
857 767 890 832 Si
914 791 972 831 sua
996 767 1134 849 corporis
1158 768 1239 831 inte·

125 853 215 932 gritas
245 852 452 922 custodiatur,
487 853 515 915 h.
540 877 564 916 e.
589 877 628 916 ne
653 854 724 918 bilis
748 855 796 917 vel
819 854 935 936 pituita
965 853 1126 931 redundet,
1162 853 1239 917 bene

128 937 249 1000 valebis.
295 938 487 1002 saturitates
510 946 541 1000 et
564 941 708 1022 crapulas
731 941 846 1004 devita.
892 940 989 1003 Dabis
1012 939 1088 1003 mibi
1105 941 1239 1014 veniam,

130 1023 154 1084 si
171 1025 208 1087 ad
230 1024 458 1088 dedicationem
483 1030 569 1088 tuam
594 1049 656 1090 non
679 1026 819 1090 vener0.¹
866 1026 976 1090 Veniet
999 1031 1124 1109 tempus
1139 1025 1239 1090 Musis

131 1116 156 1170 et
176 1112 263 1190 genio
286 1112 416 1191 gratius.
456 1110 543 1192 Elige
567 1113 765 1194 coepulones
789 1135 868 1194 quos
891 1113 1070 1196 patriarcha
1091 1119 1167 1176 tuus
1190 1113 1238 1176 di·

133 1194 198 1276 ligit.
252 1197 330 1260 Nam
365 1198 427 1260 ista
460 1198 670 1262 Bacchanalia
701 1200 832 1263 rudibus
863 1200 1056 1263 conveniunt
1086 1204 1118 1263 et
1148 1221 1238 1281 pares

137 1285 339 1364 comparibus
373 1283 463 1346 facile
492 1293 732 1367 congregantur.
778 1287 901 1360 Horten
927 1309 964 1348 ne
989 1290 1164 1368 praetereas
1189 1308 1238 1348 sa·

139 1368 253 1447 piantem
278 1368 466 1433 hlorchum.²
512 1371 619 1453 Neque
642 1374 724 1435 onim
751 1395 816 1435 rnen
837 1372 966 1452 judicie.
982 1385 995 1412 ἢ
1024 1374 1077 1434 sed
1105 1373 1235 1435 aliorum

142 1456 250 1518 iocandi
283 1463 359 1519 sunt
394 1458 553 1519 convivae.
608 1459 690 1522 Belle
714 1460 896 1540 conspirant
920 1461 971 1521 isti
996 1463 1059 1521 tres
1083 1459 1237 1531 canonici,

144 1541 192 1602 sire
210 1547 313 1624 potare
330 1543 407 1605 velis
423 1544 488 1604 sive
505 1543 618 1606 ludere.
658 1546 746 1620 Quod
765 1548 802 1607 ad
821 1567 869 1606 me
886 1547 1012 1618 attinet,
1029 1567 1103 1608 cura
1119 1566 1237 1625 quaeso

146 1631 171 1687 ul
188 1628 283 1691 literae
306 1637 432 1692 nostrae
457 1628 638 1693 Fucliariis⁸
662 1654 817 1694 unacum
842 1631 906 1694 tuis
930 1633 1107 1695 mittantur.
1143 1630 1237 1693 Prae-

145 1717 208 1775 terea
226 1717 250 1778 si
272 1716 347 1796 qnid
373 1737 468 1796 penes
492 1738 541 1779 me
563 1725 620 1793 est,
645 1719 729 1800 quod
746 1718 804 1780 tihi
821 1725 875 1780 ant
892 1718 1044 1781 coenobio
1062 1723 1116 1780 tuo
1137 1717 1238 1798 possit

146 1819 195 1860 esse
213 1804 285 1871 usui,
311 1803 429 1882 impera
453 1802 530 1864 mihi
554 1804 687 1866 fidenter
711 1810 742 1867 et
764 1804 925 1867 audenter.
972 1802 1097 1866 Mittam
1127 1824 1238 1885 prope-

147 1883 206 1948 diem
234 1909 300 1950 cum
333 1888 524 1951 suffimentis
546 1888 697 1958 libellum.
731 1892 760 1953 in
794 1912 856 1972 quo
880 1912 1073 1971 gemmarum
1096 1890 1237 1953 omniurn

149 1972 211 2035 notio
238 1974 327 2038 facile
357 1974 546 2056 deprehendi
578 1976 711 2059 potest*
768 1977 834 2040 lloc
857 1978 933 2040 mire
956 1975 1094 2060 placebit
1117 1975 1237 2054 abbati,

151 2064 176 2118 ut
192 2059 293 2124 inlulae
317 2066 488 2142 cognoscat
512 2069 707 2127 ornamenta.
753 2062 837 2127 Vale.

271 2162 331 2216 Cod.
351 2161 416 2216 Frcl.
435 2165 475 2218 46.

148 2293 235 2367 (Gotho.)
653 2287 703 2351 22.
904 2303 984 2370 (Aug.
1003 2303 1043 2356 od.
1062 2302 1131 2371 Sept.
1153 2301 1236 2367 1505.)

484 2397 625 2468 llluttan
650 2418 698 2467 an
722 2396 858 2467 Urban.

161 2503 351 2578 lrtcffornmmp,
371 2528 406 2562 nii
425 2511 467 2562 die
485 2511 586 2579 Fapper
603 2528 638 2562 an
656 2510 797 2562 sclereidcn.
835 2508 941 2562 diutino
960 2509 1005 2561 hot
1023 2509 1096 2561 mehr
1113 2507 1216 2561 Br'i'chcr

594 2580 759 2648 oripeiirerll.)

221 2675 369 2727 Herrioho
394 2676 520 2728 Urbano
548 2679 775 2729 ecclesiasticae
800 2676 946 2727 historiae
972 2676 1024 2726 vel
1050 2675 1236 2737 peritissimo

640 2764 683 2813 M.
702 2762 811 2813 Rufus.

221 2854 249 2918 S.
294 2857 406 2920 hlirum
432 2858 461 2921 in
488 2858 611 2922 modum
646 2858 801 2922 irascebar
836 2857 952 2920 cursori
986 2877 1054 2920 meo
1078 2856 1235 2920 hesterno.

147 2933 201 2999 tlern
221 2944 290 3023 quid
315 2945 461 3007 cursori?
484 2947 662 3027 prorepenti
687 2945 815 3007 bestiae.
862 2944 973 3006 himax
997 2948 1044 3006 est
1067 2948 1099 3005 et
1121 2965 1234 3005 canoro

144 3023 243 3091 tardior.
289 3029 347 3094 Vix
380 3054 429 3093 me
460 3033 611 3108 continui,
643 3032 811 3114 quominus
841 3031 960 3112 pertica
993 3029 1118 3093 lumbos
1153 3030 1236 3092 illius

144 3106 320 3180 dedolassenr.
366 3116 444 3180 Nam
470 3119 495 3180 si
520 3118 692 3182 revenisset
723 3117 961 3198 tempestivitas
995 3117 1181 3179 salutassem
1206 3122 1236 3179 te

145 3214 185 3272 per
202 3200 299 3266 alium.
346 3204 434 3268 Viam
451 3207 536 3288 aperi
553 3212 584 3268 et
607 3206 708 3267 scribe
727 3204 895 3267 Fochariis.
942 3202 1021 3265 Nam
1040 3204 1129 3284 posui
1147 3202 1236 3284 plura

144 3278 266 3352 librorum
291 3291 419 3354 nomina
436 3314 529 3372 quam
548 3291 623 3369 heri,
647 3298 830 3354 nontamen
855 3289 985 3353 omnia⁵
1023 3288 1132 3372 Neque
1153 3289 1233 3352 onim

193 3460 307 3514 ³'uditin

152 3589 157 3598 .
196 3477 259 3581 'llio
279 3530 478 3582 l‘riestcrueihe
500 3530 599 3582 l'rluurs
618 3529 723 3594 crlolgto
744 3529 865 3581 hiernach
886 3529 919 3579 im
940 3531 1059 3579 Sonrmcr
1080 3530 1151 3579 latia.
1185 3526 1236 3577 Zur·

144 3588 199 3644 lnior
213 3599 254 3649 des
271 3599 352 3665 Tages
372 3598 464 3664 ptlogtu
486 3599 525 3650 hei
535 3599 640 3650 ssilchcn
654 3599 857 3663 (tolegcnlroitcn
870 3599 927 3649 eino
938 3597 1053 3649 tiosterui
1065 3595 1236 3647 roranstaltct.

142 3667 275 3719 zuircnlen.
312 3661 318 3667 ’
348 3670 400 3720 ⁴³8.
421 3671 454 3720 20
477 3673 506 3719 A.
527 3670 549 3720 2.
621 3671 631 3697 ³
648 3668 697 3719 llio
720 3667 887 3734 hugsburgcr
910 3666 1010 3733 Fuggcr
1032 3664 1124 3717 sollton
1150 3664 1234 3716 Briol'e

142 3742 165 3778 ³1¹
184 3733 253 3789 Aldus
277 3738 410 3788 belitrdorn
440 3737 531 3788 hchuls
551 3737 666 3788 dirclteu
696 3736 813 3804 llcauges
844 3753 893 3787 rou
920 3736 1041 3787 Biichcrn
1066 3750 1113 3787 aus
1141 3734 1234 3785 dassen

143 3799 220 3856 ttlllziu.
260 3806 307 3858 llio
331 3805 482 3857 erhalteuon
509 3806 592 3857 lhiulc
623 3806 722 3857 lTrhons
745 3807 796 3856 und
815 3805 946 3871 &panutius
964 3822 995 3856 uu
1016 3803 1099 3855 Aldus
1118 3803 1173 3869 (Ni.
1193 3803 1234 3854 ll).

143 3867 228 3928 lllsind
242 3892 298 3926 rom
312 3875 352 3928 ¹20.
367 3874 432 3929 Nor.
447 3893 473 3926 u.
491 3881 509 3925 l.
522 3875 582 3927 lna.
595 3875 696 3926 detinet.
708 3874 820 3925 llutinns
834 3874 947 3925 llricl'ist
961 3874 1083 3925 rorlorun.
1122 3873 1235 3936 hirsaug*

144 3936 208 4009 untho
231 3942 261 3995 ll.
287 3943 365 3996 alloin
393 3945 439 3996 das
463 3944 584 3996 tinscln'tlt
609 3945 633 3995 in
660 3945 703 3994 die
722 3943 797 3994 lland
818 3945 937 3995 nulunen.
959 3960 1000 3994 uni
1021 3942 1163 4003 gleichsam
1183 3949 1235 3990 erst

142 4020 185 4054 rme
199 4009 273 4064 Probe
292 4030 324 4063 nu
344 4013 462 4073 arachen,
481 4018 534 4064 crst
552 4020 637 4080 spiiter·
656 4013 708 4079 (ltr.
729 4014 768 4063 36.
789 4016 832 4076 ah)
852 4013 954 4063 werdon
975 4013 1041 4063 anch
1061 4011 1103 4062 dio
1115 4009 1233 4064 Fruuudc

144 4069 209 4129 liban
225 4083 274 4133 und
293 4081 409 4148 spalatin
430 4098 489 4133 auur
508 4082 649 4133 Sclrreilmn
668 4083 848 4148 aul'golonlert.
888 4081 969 4131 ll'eun
991 4082 1046 4131 hier
1066 4096 1114 4129 ron
1134 4079 1235 4130 l'rhans

142 4137 171 4194 lh.
187 4146 221 4199 dio
237 4149 306 4203 Reda
324 4151 367 4213 ist,
386 4167 414 4202 so
434 4151 467 4202 ist
485 4152 526 4202 oin
545 4151 647 4203 solchor
665 4168 697 4202 an
716 4150 993 4218 dicl'uggurgonroint
1012 4148 1072 4216 (rgl.
1094 4149 1152 4211 l‘nlg.
1173 4146 1234 4213 Brut.

141 4207 170 4286 ll³
183 4213 211 4268 h.
228 4234 268 4270 am
287 4221 327 4272 21.
347 4225 412 4287 Aug.
434 4221 520 4272 lfrhnn
540 4221 680 4272 nnll'onlort
697 4221 746 4271 deu
761 4219 802 4271 in.
817 4236 848 4271 an
865 4221 946 4272 Aldus
961 4217 1235 4280 sauboraulnnhcbcn,

140 4277 169 4331 hs
188 4288 311 4342 crselhor
329 4305 371 4341 arn
402 4291 441 4342 Ξῖ.
463 4293 526 4356 Aug.
558 4290 624 4340 nach
644 4289 763 4340 selaune
792 4306 824 4340 zu
849 4287 1023 4354 persentiam·
1050 4286 1236 4352 ltesprcehmrg

139 4347 220 4408 leniore
239 4357 291 4423 (Br.
311 4359 364 4425 24),
382 4375 411 4411 so
429 4358 484 4410 talu
501 4358 637 4410 rialleicht
654 4358 699 4410 ΧΓ.
719 4359 752 4408 ‘ll
772 4374 816 4409 uir
836 4358 879 4411 rr.
899 4360 939 4409 2³1.
986 4358 1041 4408 lun
1056 4355 1234 4422 :udiinglichcn

138 4417 186 4475 Plan
202 4442 263 4494 ganz
286 4427 387 4495 menige
410 4427 515 4480 Biicher
533 4427 755 4479 anlausolnoihen.
782 4427 844 4479 hess
864 4427 896 4478 h.
916 4443 957 4478 nin
977 4426 1035 4493 telg.
1054 4425 1121 4491 'lage
1141 4424 1237 4476 uiodcr

135 4490 199 4546 fallen
215 4496 265 4548 und
285 4500 367 4549 aetatu
387 4497 454 4549 riele
473 4497 577 4548 ltitchm·
601 4500 647 4548 aus
663 4498 712 4548 don
731 4496 820 4548 luder.
849 4495 891 4547 Br.
912 4496 951 4547 22,
973 4496 1012 4546 23.
1093 4498 1101 4526 ⁸
1120 4495 1155 4546 Es
1173 4492 1237 4560 lolgt.

135 4560 172 4613 na
186 4562 225 4619 Br.
243 4566 285 4625 32,
303 4567 350 4618 dar
370 4566 504 4618 i'iolloicht
521 4574 601 4617 oteres
620 4567 700 4617 nither
718 4581 748 4617 nn
769 4565 859 4629 ohigcu
880 4581 912 4616 nu
932 4565 1029 4617 illelmo
1050 4564 1090 4618 ist.
1133 4561 1232 4615 ³Viol·

132 4625 200 4685 leicbt
223 4635 278 4689 also
295 4636 371 4688 einen
390 4635 526 4703 'legnach
547 4636 605 4688 dein
624 4635 729 4703 rorignn
749 4634 791 4688 Br.
811 4635 885 4687 ucbst
903 4634 993 4686 ludas.
