2774 4966
125 664 188 729 264
541 662 629 721 Briete
647 666 694 721 des
711 665 737 722 J.
755 666 830 723 1512.

126 858 222 900 unum
260 837 388 901 verbum
423 837 482 901 tibi
515 838 701 922 inspirasse:
735 841 772 902 ut
803 841 936 902 matrem
969 860 1037 903 esse
1070 835 1252 902 memineris

127 927 287 987 auctorem
311 924 391 988 19919
414 947 451 987 99
474 924 587 989 9919119
609 930 693 1002 1999,
717 925 767 988 cui
790 945 844 1007 per
866 928 1010 988 sanctam
1037 923 1199 1005 pietatem,
1223 922 1251 986 si

126 1031 175 1074 me
199 1031 296 1088 amaa,
319 1011 437 1091 optime
465 1010 577 1088 Petrei,
609 1010 816 1075 reverentiam
848 1015 982 1092 praesta.
1030 1010 1096 1075 Hoc
1117 1008 1196 1073 mibi
1219 1013 1252 1072 at

126 1095 247 1178 patriae
283 1102 418 1176 gratum,
442 1097 522 1159 etsi
546 1098 749 1178 praestiteris,
783 1119 879 1180 sopra
911 1096 1038 1161 modum
1071 1094 1251 1160 laudabere.

127 1181 225 1246 Crede
248 1183 348 1247 amieo
373 1205 474 1263 oeque
498 1205 578 1246 vano
603 1205 703 1267 neque
725 1184 809 1247 11919.
855 1182 940 1246 Vale.

280 1299 344 1354 Cod.
361 1299 427 1352 Frui.
446 1299 504 1352 342.

651 1507 723 1571 209.
1067 1519 1145 1590 (Nou.
1166 1520 1255 1589 1512.)

490 1632 613 1704 Urban
638 1655 686 1704 an
710 1632 886 1704 Sonfeld.¹

246 1763 432 1832 (Errrpselrlrmp
449 1764 492 1815 des
510 1763 627 1832 Petrrp’us
644 1780 681 1817 99
698 1765 747 1816 dea
765 1764 831 1817 rirrt
853 1763 991 1832 Cterrstupb
1012 1761 1135 1829 Sonseld.)

172 1878 444 1928 Praestantissimo
461 1878 651 1929 modicorum
668 1882 701 1929 91
718 1879 784 1929 sine
803 1877 1015 1930 controversia
1032 1875 1210 1929 docturum

216 1963 437 2023 christophoro
456 1963 584 2020 sonfelt.
602 1963 734 2015 amando
751 1967 787 2014 ut
805 1963 929 2024 paranti
945 1963 986 2013 Η.
1004 1961 1160 2014 Urbanus.

211 2065 262 2138 'S.
308 2074 386 2139 Cum
418 2097 572 2157 peraeque
598 2075 689 2151 nihil,
717 2080 861 2159 spectate
889 2077 946 2149 vir,
974 2074 1148 2139 medicinae
1179 2094 1253 2155 pro·

129 2159 278 2224 sessorem
316 2167 348 2224 et
384 2162 534 2244 gentibus
571 2167 604 2226 et
641 2162 766 2246 populis
803 2162 1002 2227 commendet
1035 2165 1071 2225 91
1104 2160 1184 2225 tides
1220 2163 1255 2225 91

127 2247 319 2320 humanitas,
355 2249 465 2312 merito
496 2254 527 2312 te
557 2270 655 2312 unum
686 2271 725 2313 ex
760 2249 847 2313 omni
880 2247 1072 2312 medentium
1108 2268 1251 2324 numero,

128 2354 220 2414 quem
244 2335 296 2416 pia
319 2333 540 2398 benevolentia
563 2336 706 2412 colerem,
730 2335 841 2417 detegi.
888 2335 970 2399 Nota
992 2332 1147 2415 siquidem
1173 2333 1253 2399 fides

128 2425 193 2496 199,
217 2421 283 2483 sive
306 2421 377 2503 quis
409 2423 550 2502 requirat
583 2421 765 2504 opinionem
800 2422 886 2485 iliam
909 2421 948 2484 (19
970 2419 1092 2503 superis
1124 2418 1254 2502 publiea

130 2507 331 2589 persuasione
354 2513 513 2590 receptam
537 2509 602 2572 sive
618 2508 773 2572 dict-orum
791 2507 1011 2589 fastorumque
1027 2506 1253 2571 constantiam.

128 2592 213 2657 Nota
244 2593 328 2668 item,
352 2617 415 2676 qna
438 2600 590 2676 praestas,
626 2594 809 2658 humanitas
837 2600 869 2657 et
896 2595 1030 2658 eruditio
1066 2591 1253 2658 cultissima.

129 2678 253 2755 Quibus
275 2681 339 2743 tuis
362 2682 496 2763 egregiis
518 2682 692 2745 virtutibus
715 2687 746 2745 et
768 2680 838 2744 aliis
862 2702 954 2763 quam
985 2678 1139 2764 plurimis,
1171 2701 1255 2762 quao

130 2788 215 2829 nuno
237 2791 256 2829 a
279 2788 327 2830 me
352 2768 538 2849 praeteritae
561 2789 649 2831 suam
674 2767 797 2831 laudem
821 2771 990 2845 merentur,
1021 2765 1167 2830 effectum
1192 2770 1254 2844 est,

130 2855 220 2916 9119
244 2874 365 2917 meeum
387 2875 496 2918 omnes
520 2855 619 2918 nostri
642 2854 762 2918 ordinis
785 2853 836 2935 (de
860 2853 994 2918 literatis
1015 2851 1140 2934 loquor)
1160 2853 1255 2917 99199

130 2937 300 3003 observent
322 2946 354 3003 et
376 2962 478 3004 mores
506 2945 603 3023 atque
631 2939 737 3004 studia
763 2944 821 3004 tua
848 2940 992 3003 certatim
1020 2939 1160 3020 cupiant,
1187 2959 1253 3003 non

129 3031 236 3088 tamen
248 3026 372 3108 possint
385 3039 399 3067 ⁸
420 3027 546 3091 imitari.
574 3026 679 3090 Testis
692 3031 741 3091 est
751 3025 882 3109 ingenii,
895 3026 1067 3103 doctrinae,
1079 3024 1256 3090 modestiae

125 3112 397 3196 ‘dexteritatisque
434 3118 508 3178 tuae
546 3113 689 3194 Petrejus
728 3111 960 3194 Aperbacchus‚
997 3113 1056 3176 flos
1089 3111 1255 3193 juvenum,

132 3197 228 3262 decus
261 3200 329 3262 aevi
365 3201 475 3273 nostri,
508 3201 561 3282 qui
595 3204 723 3263 tantum
756 3199 817 3262 tibi
850 3199 973 3275 tribuit,
1011 3204 1166 3280 quantum
1206 3197 1254 3262 vel

131 3284 261 3361 Galerio,
290 3285 480 3349 medicorum
505 3286 696 3361 doctissimo,
722 3284 768 3347 vel
793 3284 916 3361 Catoni,
949 3286 1085 3349 virorum
1120 3284 1253 3366 optimo.

132 3370 306 3453 Utrumque
330 3380 483 3446 nostrum,
512 3372 634 3435 erudite
664 3373 783 3446 doct-or,
807 3372 838 3433 in
863 3370 969 3435 aibum
998 3371 1169 3434 amicorum
1200 3392 1255 3453 per

132 3456 272 3538 galerum
296 3459 451 3521 Her-meris
467 3459 624 3522 salutatus
641 3457 782 3539 recipias.
821 3456 1011 3521 Veneremur
1026 3462 1058 3520 te
1073 3449 1112 3521 ui
1126 3479 1253 3534 numen,

132 3544 247 3606 facturi
269 3548 325 3608 tuo
349 3547 485 3617 nomine,
510 3546 570 3608 9191
599 3567 656 3607 999
684 3543 891 3619 abdicaverim
919 3566 1000 3625 quae
1027 3544 1108 3608 fidos
1134 3543 1255 3607 amicos

132 3631 244 3710 tuique
281 3631 441 3694 studiosos
475 3632 505 3692 iu
541 3632 626 3694 omni
664 3631 796 3693 (1999991
833 3630 947 3692 9111919.
1003 3630 1076 3692 Vale
1112 3635 1145 3692 et
1181 3650 1254 3693 ama

30 3794 33 3798 ι
133 3715 291 3798 Petrejum
315 3739 429 3793 meum,
455 3716 610 3780 celebrate
633 3716 751 3780 doctor.
796 3715 912 3779 Datum
935 3715 1106 3780 Eriordiao.

285 3833 346 3888 Cod.
366 3834 431 3887 ner.
450 3835 508 3888 238.

200 4060 384 4202 ιζ111191111111199
413 4127 549 4194 19199199(
575 4129 638 4179 1191
664 4126 802 4204 Christum
830 4124 934 4203 8991919
962 4124 1012 4193 vgl.
1039 4125 1064 4177 S.
1080 4126 1144 4203 ,147
1172 4127 1215 4204 ,1.Ι
1230 4125 1256 4179 2.

134 4197 252 4263 Potrejus
271 4204 349 4249 191919
368 4213 425 4264 geg.
446 4197 473 4247 u.
494 4197 560 4247 11112
578 4197 644 4248 naoh
662 4196 778 4262 Leipzig,
798 4196 883 4246 uoiun
901 4195 946 4247 rhu
967 4194 1120 4247 Ambrosius
1132 4194 1255 4263 heglortet

134 4283 165 4317 zu
194 4266 276 4319 baben
305 4266 416 4318 99119191.
455 4265 583 4332 191991.
606 4265 646 4318 ur.
683 4266 740 4318 t'ou
760 4264 866 4331 laipzig
883 4280 931 4316 999
948 4264 1040 4316 saudte
1067 4263 1187 4332 Petrojus
1205 4263 1254 4316 (199

133 4335 229 4456 Cipum.
267 4334 322 4412 Vpi.
343 4335 401 4403 iulg.
421 4335 462 4388 Br.
501 4335 553 4387 iter
572 4333 612 4388 Br.
632 4332 1137 4402 9911919191911919191119939991991199
1162 4332 1256 4402 mitge-

133 4420 163 4471 99
182 4420 213 4456 99
231 4420 263 4459 zu
281 4420 344 4458 sem.
