2774 4966
126 578 164 641 12
465 575 551 628 ariera
571 575 611 629 bis
629 590 686 629 zum
706 575 806 629 Herbst
827 576 899 628 1505.

127 753 264 813 nostram
297 750 387 830 qnasi
419 750 595 824 trabalibus
624 751 720 814 claris
744 753 893 832 perpetua
917 750 1065 813 memoria
1089 750 1247 812 confixam

126 846 233 900 tenera
258 836 378 900 debeat.
428 836 502 916 ligo,
521 836 655 903 Urbane.
673 836 863 899 urbanorum
880 837 1019 898 omnium
1038 836 1248 916 integerrime.

126 928 234 986 tantas
251 923 308 985 tibi
326 923 445 1002 gratias
461 944 531 1003 ago,
556 929 693 1004 quantas
710 944 891 985 enumerare
908 921 1034 1004 longum
1053 928 1143 984 esset.
1191 921 1248 984 Vix

127 1011 213 1090 ipsae
234 1013 298 1072 tres
322 1007 460 1082 Gratiae,
486 1010 538 1071 vix
555 1010 645 1091 ipsae
662 1031 771 1071 novem
791 1008 898 1071 Musae
915 1007 1018 1071 verbis
1041 1007 1250 1088 explanarent

127 1097 223 1158 animi
248 1096 309 1159 mei
331 1095 566 1176 gratitudinem.
617 1096 680 1158 lior
698 1095 854 1176 polliceor,
880 1117 927 1156 me
943 1095 1088 1156 daturum
1112 1114 1250 1175 operam,

129 1188 164 1244 ut
187 1181 306 1245 ordinis
331 1181 429 1243 nostri
455 1181 606 1256 homines,
633 1182 687 1245 riri
713 1181 903 1256 latinissimi,
928 1180 1110 1261 intelligant
1133 1181 1249 1244 esseio

127 1267 216 1332 Valle
239 1267 416 1348 Georgiana
442 1268 557 1331 bouum
583 1274 612 1329 et
637 1268 763 1331 doctum
780 1268 974 1331 sacerdotem
1000 1266 1166 1329 Hernicum
1191 1265 1250 1332 Ur-

131 1355 257 1427 banum,
282 1355 336 1434 qui
360 1353 564 1434 dignissimus
586 1355 626 1416 sit
652 1353 819 1417 latinorum
844 1354 1022 1418 sodalitate.
1069 1352 1151 1418 Vale.

278 1472 338 1525 Cod.
358 1471 425 1525 Frct.
445 1473 485 1526 aa.

669 1667 717 1732 11,
1004 1663 1044 1717 aa.
1059 1663 1122 1717 runi
1141 1663 1252 1734 (1505).ι

504 1800 647 1870 Mutina
669 1822 716 1871 an
741 1800 879 1874 Urban.

129 1936 248 1996 (lintion
269 1938 324 1988 rrr'll
344 1938 468 2005 Spolotrir
486 1938 552 1990 bcr'ra
573 1938 636 1990 Aba
653 1938 803 2006 cnrpsrlrlrrr.
841 1939 889 1992 Die
903 1937 1255 2005 teneraeteneraecernar

145 2005 248 2060 Brr'r'der
265 2007 322 2059 rard
338 2009 409 2058 ecr'rre
426 2007 537 2074 elperico.
575 2008 644 2060 [terre
663 2007 724 2059 aaa·
738 2009 832 2076 jr'r'rrpsl
848 2007 965 2075 pellib-rte
983 2006 1113 2074 arabeilr'pe
1131 2006 1237 2068 natea.)

230 2129 357 2181 Urbano
383 2144 450 2180 meo
478 2131 705 2190 Demosthenis,
740 2130 855 2189 Plauti,
885 2131 1040 2181 Ciceronis
1073 2129 1253 2182 urbanitate

446 2218 701 2268 memoratissima
718 2215 859 2276 praedito
877 2218 920 2267 Μ.
938 2215 1049 2266 Ratira.

233 2333 263 2399 S.
292 2335 446 2398 llodierno
470 2336 520 2399 die
543 2339 728 2417 magistrum
752 2335 871 2399 ordinis
899 2337 1005 2412 vestri,
1040 2335 1098 2398 lrnc
1127 2344 1175 2399 est
1198 2336 1253 2401 ab·

133 2423 236 2484 batem
254 2422 412 2499 adiissem,
432 2422 490 2485 nisi
508 2423 662 2486 lrorreuda
678 2426 858 2505 tempestas.
876 2444 957 2503 quae
974 2424 1036 2485 lere
1052 2422 1223 2486 solstitium
1239 2434 1254 2462 ⁸

132 2509 318 2590 insequitur,
344 2532 390 2571 me
414 2510 612 2572 retardasset.
659 2509 737 2573 Nam
763 2509 838 2572 solis
855 2510 1017 2572 conversio
1041 2534 1058 2571 a
1082 2531 1194 2572 canera
1213 2510 1252 2573 ad

134 2596 349 2676 capricornum
382 2595 565 2677 plerumque
594 2597 704 2659 turbat
731 2619 873 2658 serenum
899 2607 929 2657 et
951 2601 1051 2658 terras
1074 2595 1252 2659 madefacit.

132 2681 165 2744 ld
201 2681 283 2762 qrrnd
319 2679 458 2763 optabile
488 2682 611 2751 videtur
641 2684 723 2765 apud
760 2682 927 2762 Vergilium
966 2682 1008 2744 ita
1043 2681 1252 2744 scribentem:

136 2767 290 2843 ,Humida
313 2768 449 2830 solstitia
465 2780 478 2808 ²
493 2774 589 2850 atque
616 2769 733 2832 hiemes
755 2775 863 2851 optate
884 2790 1018 2840 serenas,
1046 2766 1253 2847 Agricolae.“²

132 2853 325 2916 Salrrtassem
361 2854 577 2936 dignationem
611 2856 696 2919 illins
732 2855 987 2935 nudiusquartus,
1024 2855 1083 2917 nisi
1117 2861 1150 2917 tu
1182 2877 1253 2918 eum

134 2962 291 3004 sacrarum
319 2941 472 3021 virginum
498 2943 633 3024 negotiis
658 2943 807 3004 interesse
831 2940 999 3004 retulisses.
1046 2939 1107 3004 Sed
1134 2941 1255 3005 brevia

136 3049 185 3089 me
208 3027 381 3109 rogabitur,
413 3035 447 3091 ut
471 3029 615 3091 idoneam
641 3030 798 3091 doctorem
824 3028 955 3091 barbaro
979 3033 1010 3090 et
1035 3029 1140 3108 inepto
1167 3050 1254 3110 praa-

132 3113 221 3178 lerat.
275 3113 396 3177 interea
428 3137 538 3178 nervos
570 3121 641 3178 tuos
671 3137 779 3177 ornnes
813 3115 842 3176 in
877 3136 913 3176 eo
942 3114 1124 3183 contendas,
1149 3124 1183 3177 ut
1208 3115 1253 3177 in·

133 3200 254 3281 telligat
286 3224 318 3263 se
349 3199 426 3264 nilril
459 3202 680 3283 poenitendum
712 3201 887 3272 admittere,
920 3202 945 3264 si
969 3201 1168 3281 Spalatinum
1193 3202 1254 3263 sibi

134 3287 333 3366 obligaverit,
369 3287 398 3349 in
436 3310 497 3349 unu
521 3288 664 3351 ministro
700 3287 865 3350 habiturus
896 3287 979 3349 mille
1003 3288 1253 3350 commoditates.

134 3371 228 3437 Urbis
258 3371 407 3435 Noricae²
437 3374 545 3452 lingua
574 3377 655 3436 inter·
684 3375 827 3435 nationes
858 3374 1060 3435 tlernranieas
1084 3374 1254 3453 elegantis·

135 3460 214 3522 sima
244 3458 386 3522 habetur.
440 3461 553 3523 lratina
586 3484 656 3523 vero
681 3461 710 3521 in
736 3460 820 3521 orani
850 3460 1024 3522 studiorum
1050 3482 1162 3539 genere
1187 3481 1254 3540 per·

136 3545 310 3608 necessaria
328 3552 383 3610 est.
424 3546 562 3628 Utraque
580 3548 679 3608 utitur
696 3546 880 3625 Spoletinus
893 3546 1030 3626 jucurrde
1049 3546 1254 3626 scienterque.

136 3631 169 3694 Si
195 3631 276 3694 volet
303 3654 428 3695 mensae
452 3638 637 3695 structorem
663 3641 695 3695 ct·
717 3632 947 3712 discophorum,
972 3633 997 3693 si
1026 3632 1146 3693 tidelem
1176 3654 1256 3693 raun-

135 3719 222 3791 tium,
239 3730 252 3756 ¹⁸
274 3719 299 3780 si
325 3720 354 3780 in
379 3720 467 3781 seriis
481 3719 624 3799 jocisque
649 3718 869 3781 collocutorem
894 3719 1058 3798 optimum.
1083 3718 1164 3780 baud
1193 3740 1256 3779 nra-

135 3805 242 3866 liurem
280 3806 417 3867 inveniet
452 3805 626 3887 Spalatino.
685 3804 749 3883 ligo
782 3806 932 3866 constitui
969 3826 1020 3883 per
1055 3804 1255 3884 &palentinum

134 3890 289 3972 auspicari
314 3893 483 3954 amicitiam
500 3903 514 3929 ⁸
537 3913 606 3953 cum
625 3891 777 3952 causamme
801 3896 915 3953 vestro.
941 3900 974 3951 ut
992 3897 1073 3951 esset
1092 3890 1143 3951 ille
1165 3891 1256 3970 quasi

135 3977 288 4039 mediator
316 3980 396 4039 inter
426 4001 492 4052 nos,
521 3980 603 4039 sicut
634 3976 778 4038 (ssllrristus
806 3978 886 4038 iuter
910 3977 1000 4038 deum
1025 3984 1056 4038 et
1080 3976 1255 4049 lrominem3

201 4269 251 4319 ari
270 4273 302 4320 st.
320 4268 347 4316 ti.

206 4339 212 4367 ¹
234 4336 284 4387 llas
310 4336 374 4387 labi·
402 4335 500 4401 ergiebt
528 4335 582 4386 sicli
617 4335 663 4386 mit-
681 4335 826 4387 &laberbent
849 4353 896 4386 nus
916 4336 962 4386 aler
980 4331 1259 4398 Sclrlussbernorllung,

135 4406 195 4456 aas
223 4405 299 4457 l‘eter·
326 4405 377 4457 und
408 4403 473 4456 Paul
500 4404 618 4468 zugleirlr
646 4405 761 4470 Sonntag
788 4404 832 4456 sei.
873 4405 904 4455 tls
922 4404 957 4454 ist.
975 4403 1020 4453 der·
1038 4404 1105 4453 erstc
1125 4400 1197 4452 Briel
1212 4400 1260 4452 des

136 4473 222 4526 Codex
250 4475 300 4526 und
331 4474 433 4526 sctreint
469 4489 559 4539 wegen
587 4473 672 4524 seinos
700 4472 871 4540 allgemeinen
899 4471 1014 4524 lnlraltes
1043 4487 1074 4522 an
1103 4470 1144 4521 die
1172 4468 1260 4539 Spitne

136 4543 239 4607 gristellt
258 4560 290 4595 au
308 4543 373 4595 sein.
462 4542 581 4609 ²Georg.
601 4542 622 4604 l,
643 4543 692 4596 100
709 4558 747 4610 sq.
818 4544 828 4572 ³
847 4542 963 4610 spalatin
984 4541 1055 4592 hatte
1073 4539 1146 4592 aeine
1165 4537 1259 4592 Schul-

135 4612 243 4680 bildung
261 4613 286 4664 in
306 4611 445 4679 Niirnberg
463 4611 624 4680 emptangeu.
