2774 4966
555 654 661 708 blutiau
680 669 714 706 aa
732 651 816 720 Laug.
1186 651 1250 716 619

124 832 262 897 cabaleis
277 835 310 896 et
325 830 488 895 cabalistis
510 830 683 892 nascantur
699 826 776 888 meri
793 823 908 889 caballi
924 828 955 887 et
972 845 1073 886 novus
1096 821 1250 886 scaturiat

124 918 195 981 lons
218 916 404 982 caballinus.
450 914 551 978 Nocet
573 914 656 975 enim
681 910 873 991 nocebitque
896 910 1082 992 opinionum
1100 907 1248 988 simplici·

123 1005 185 1068 inti
206 1008 272 1066 tam
296 1003 430 1075 curiosa,
453 1005 518 1062 tam
542 998 660 1062 abdida
684 998 829 1060 scrutari.
875 995 960 1058 Bene
984 993 1062 1070 vala,
1080 994 1122 1056 uri
1139 992 1250 1054 buma-

124 1089 255 1152 nissime
278 1087 394 1168 Lange.
440 1083 602 1150 Suicerus'
629 1083 730 1146 noluit
753 1082 822 1144 sine
843 1081 942 1144 literis
964 1079 1003 1142 ad
1029 1084 1059 1142 te
1084 1077 1248 1160 proticisci.

124 1173 184 1238 Ter
207 1174 383 1254 imperavit,
408 1175 444 1235 ut
466 1169 644 1244 scriberem,
668 1172 701 1230 et
724 1167 816 1247 plane
840 1167 1030 1248 impetravit,
1054 1165 1114 1228 etsi
1131 1161 1249 1245 Pytha-

125 1280 227 1339 goras,
259 1262 296 1321 ut
328 1258 424 1332 vides,
458 1275 586 1318 manum
621 1249 815 1316 retraxerit!
859 1251 976 1315 lterum
1012 1249 1081 1313 vale
1116 1255 1148 1312 et
1180 1269 1252 1311 ama

125 1344 283 1424 Petrejum
308 1346 340 1405 et
362 1343 473 1407 doctos
504 1338 605 1402 nostri
635 1338 763 1401 ordinis.
809 1336 942 1400 Eidibus
970 1336 1041 1399 Mai.
1088 1333 1171 1410 Quid
1204 1331 1252 1396 tui

127 1427 315 1493 Cretenses?
371 1427 472 1492 Orant
506 1436 574 1488 ne·
607 1423 784 1496 mendaces
822 1424 924 1486 malae
961 1421 1092 1496 bestiae,
1127 1422 1253 1482 ventres

127 1515 217 1595 pigri,
231 1511 497 1594 quemadmodum
514 1515 621 1574 noster
632 1507 751 1571 Paulus
767 1508 799 1573 in
816 1507 924 1573 schola
940 1511 1105 1593 poetarum
1122 1504 1254 1568 edoctus

125 1599 294 1663 memoriae
316 1593 496 1682 prodidit?⁸

975 1677 1148 1744 Matienus.

280 1783 351 1838 cm.
369 1782 470 1837 osmer.
489 1744 589 1838 aronae.
608 1779 685 1848 vm,
703 1779 744 1834 ao.
763 1779 923 1851 ruampu.

130 1971 246 2042 (corus)
654 1954 727 2019 551.
1080 1964 1138 2036 (um
1157 1962 1256 2037 ister

511 2079 657 2151 iiutian
678 2100 727 2154 an
749 2078 867 2165 hang.

449 2199 534 2278 (Uber
548 2210 667 2265 aarum
692 2209 769 2264 Werlr
786 2227 844 2263 rom
862 2208 933 2275 Ass.)

168 2325 292 2387 Optimo
310 2325 419 2389 Lange
436 2326 543 2388 priori,
560 2325 735 2387 theologiae
753 2325 943 2378 christianae
960 2321 1127 2376 candidatu
1144 2334 1216 2374 ean·

600 2411 780 2465 ᾶ1ᾶ1ιοίιιιο.ι

234 2520 340 2596 Salve,
378 2526 470 2604 pater
505 2528 630 2606 patrum
678 2523 874 2587 venerandae
919 2520 1031 2584 classis
1075 2516 1255 2600 Augustini.

130 2606 292 2671 Gallorum
324 2612 459 2689 utraque
488 2609 599 2691 lingua
628 2608 834 2672 eruditissimi
866 2606 985 2671 Budaei
1008 2606 1047 2669 de
1069 2627 1139 2669 asse
1161 2598 1257 2684 opua⁸

129 2692 204 2755 olim
228 2693 346 2774 perlegi
368 2698 400 2758 et
423 2693 533 2758 habeo.
580 2693 709 2758 Utinam
742 2714 941 2757 curararum
964 2695 1049 2755 esset
1071 2689 1255 2754 ordinatior.

130 2777 243 2858 Coegit
276 2778 386 2852 multa,
413 2771 475 2843 ‘sed
509 2780 728 2844 tenebricosus
755 2783 787 2843 et
813 2777 954 2842 difficilis
987 2781 1046 2841 est.
1089 2775 1258 2857 Elegantia

132 2862 297 2927 verborum
331 2864 424 2928 nimis
447 2865 545 2929 auxia
566 2870 599 2930 et
621 2865 740 2947 ubique
763 2884 897 2928 morosa.
942 2862 977 2925 ln
1000 2862 1087 2926 notis
1109 2865 1257 2925 autorum

130 2947 277 3013 libertate
300 2950 429 3015 omnino
452 2952 562 3015 utitur.
608 2950 736 3032 Alioqui
767 2950 903 3032 plurima
924 2948 1018 3012 laude
1041 2948 1167 3030 dignus.
1213 2945 1258 3008 De

130 3055 193 3115 quo
217 3038 324 3098 noster
347 3035 497 3100 Erasmus
523 3035 705 3116 „Budaeus“
731 3035 838 3118 inquit
867 3035 980 3116 „bomo
1013 3053 1170 3115 nusquam
1193 3051 1256 3095 non

129 3120 423 3201 diligentissimus.“
469 3120 505 3184 lu
529 3143 666 3185 summa:
698 3122 865 3202 „pondera
889 3140 1052 3184 mensuras
1075 3117 1206 3199 corrigit
1228 3120 1261 3180 et

131 3204 311 3282 numeros“‚
328 3206 412 3289 quod
437 3211 486 3270 eat
508 3206 673 3289 Baptistae
696 3206 863 3301 Mantuani
886 3201 1144 3288 pentametrum.l
1189 3201 1260 3265 Meo

127 3290 246 3371 judicio
277 3313 326 3355 res
352 3300 417 3355 tam
441 3290 569 3357 abditae
593 3312 656 3356 non
680 3297 757 3356 sunt
779 3279 826 3353 ἆπ
859 3282 936 3353 ὄνου
963 3290 1122 3354 collectae.
1174 3287 1259 3353 Con·

130 3374 226 3440 feram
250 3397 309 3458 ego
331 3380 421 3440 tuum
447 3376 561 3440 librum
595 3400 665 3442 cum
695 3398 774 3454 meo,
800 3377 855 3441 sed
886 3381 1018 3440 autumo
1051 3374 1129 3438 nihil
1162 3373 1260 3436 inter·

130 3482 198 3522 esse
235 3462 318 3525 inter
356 3461 440 3525 hunc
478 3465 509 3525 et
547 3462 646 3541 illum,
691 3462 948 3543 quandoquidem
994 3466 1127 3541 uterque
1170 3457 1261 3523 labor

132 3544 360 3610 llscensianum
392 3546 546 3611 artificem
578 3546 748 3629 agnoscit.⁸
794 3547 862 3610 Tua
892 3547 1067 3628 paternitas
1091 3567 1161 3609 cum
1184 3544 1260 3608 doc·

131 3630 255 3694 tissimo
271 3632 422 3713 theologo
442 3631 521 3695 bene
544 3633 657 3697 valeat.
703 3631 822 3696 Scribit
838 3631 879 3695 Μ.
897 3632 1025 3697 Curius:
1052 3630 1144 3712 „Sed
1160 3630 1261 3694 amice

131 3736 255 3796 magne,
277 3717 343 3780 noli
364 3717 447 3782 hanc
469 3718 636 3799 epistolam
659 3717 768 3782 Attico
792 3714 1006 3782 ostendere.“⁸
1050 3717 1118 3799 Ego
1133 3736 1261 3797 quoque

198 3899 212 3927 ·
226 3884 308 3937 Orant
324 3900 375 3950 me,
394 3885 460 3938 wohl
476 3884 654 3938 marbncben
672 3903 724 3938 aas
743 3889 818 3940 orant
834 3902 867 3939 ne
885 3907 919 3925 ==
937 3887 1052 3939 orantus.

202 3955 209 3984 ¹
228 3953 282 4005 Dor
299 3951 439 4007 Helvetios
456 3954 484 4006 in
501 3953 544 4007 Br.
564 3955 623 4008 541.
681 3956 691 3987 ¹
709 3954 768 4008 Von
779 3954 838 4008 hier
855 3969 888 4009 an
906 3953 1014 4024 beginnt
1031 3953 1073 4008 dic
1089 3951 1264 4009 Haodschriit

130 4022 192 4074 sehr
217 4020 329 4088 ssiichtig
355 4038 388 4073 zu
415 4023 527 4076 wardon.
598 4021 721 4085 ’Κρῆιις
745 4019 783 4072 αἰὶ
808 4025 925 4084 ψεῦσται,
949 4020 1012 4071 nond
1038 4025 1121 4086 θηρία,
1147 4027 1263 4086 γαστέρες

129 4087 210 4154 ἀργαί.
240 4089 367 4167 Pauhad
384 4089 432 4143 iit.
453 4093 477 4154 1,
498 4091 537 4142 12.
564 4090 624 4158 Vgl.
643 4091 668 4145 S.
689 4093 737 4144 137
757 4095 786 4144 A.
806 4092 829 4143 3.
884 4089 1093 4145 *DassderBa
1112 4091 1262 4144 frithericus

132 4160 199 4210 15111
219 4157 401 4224 geseuneben,
419 4157 484 4224 iolgt
501 4173 549 4210 aus
568 4159 614 4210 der
631 4159 800 4227 Eruthnung
816 4160 863 4212 dcr
881 4159 904 4212 2.
923 4162 1003 4228 ausg.
1023 4160 1069 4211 des
1086 4158 1211 4211 Budaeus
1223 4159 1263 4212 Da

130 4241 203 4290 assor
228 4226 282 4278 und
302 4241 349 4277 vor
368 4227 434 4280 1519
453 4242 543 4294 weges
562 4227 608 4278 der
628 4228 785 4281 Aulschrift:
813 4227 958 4294 theologiae
985 4226 1144 4281 christianae
1171 4226 1262 4281 caudi-

130 4294 200 4348 dato.
220 4309 274 4346 was
292 4294 349 4346 sich
369 4295 414 4346 aut
430 4295 473 4346 die
491 4293 688 4361 theologischen
707 4297 792 4349 (hade
809 4325 841 4334 -
861 4295 991 4349 Licentiat
1003 4295 1057 4362 upd
1069 4295 1123 4359 iia,
1140 4294 1262 4347 letzteres

130 4362 221 4413 wurde
239 4361 294 4414 Lau
331 4361 406 4414 Febr.
428 4363 495 4415 1519
513 4392 545 4401 -
566 4361 677 4415 bezieht.
712 4364 772 4431 Vgl.
791 4363 825 4416 tol
846 4405 851 4415 .
869 4363 915 4416 Br.
980 4366 1122 4416 ⁶Aussere
1139 4363 1260 4418 adressa.

164 4429 264 4482 ⁶Guil.
293 4379 394 4507 iudaei
417 4430 456 4482 Ila
482 4446 540 4483 asso
559 4434 585 4481 et
603 4431 721 4497 partibus
744 4432 809 4500 ejus.
855 4430 1262 4532 aris.1514.2.1iusg.Paris.
1378 4454 1381 4493 ;

135 4498 210 4549 15111.
258 4497 685 4566 'EpigrammataadFaicouem
714 4498 986 4567 Opp.rintv.15761‚
1005 4499 1089 4552 lllb.
1162 4497 1264 4554 urban

134 4566 188 4666 ιιιιιέ
201 4565 294 4688 Cerffi³
314 4567 409 4688 hatita}¹
429 4566 593 4690 dioillidlb
613 4567 981 4636 vemchiodauau'husgabcn
995 4583 1054 4620 uon
1065 4565 1211 4618 ammas.

91 4667 99 4682 ·
221 4650 254 4688 rc.
294 4649 354 4703 pa
409 4649 460 4690 am.
533 4636 600 4696 .‘.
