2774 4966
544 642 633 705 Brioto
650 644 697 703 des
714 649 740 704 J.
760 648 834 706 isra

677 1197 711 1262 V.

396 1349 545 1431 Briefe
573 1350 656 1430 des
681 1350 847 1430 Jahres
873 1347 991 1431 1512.

70 1482 72 1486 ’
129 1483 303 1579 (Urban
338 1479 441 1560 und
475 1477 697 1557 Herbord
723 1477 772 1554 in
798 1476 969 1568 Erfurt,
1006 1474 1269 1559 Musardus

383 1610 558 1687 Lehrer
585 1606 634 1682 in
661 1604 1005 1705 Georgenthal.)

644 1794 746 1801 ...-—

130 1944 247 2013 (oona.)
659 1927 731 1990 162.
1153 1937 1269 2008 (israe)

476 2051 621 2122 Mutian
644 2071 693 2122 an
716 2050 915 2140 Pyrrhus.¹

133 2180 286 2301 (Danista
304 2180 456 2265 illitter'luap
473 2181 517 2233 des
541 2180 710 2233 l'erlrrerlrens
725 2197 804 2259 pror-rr
822 2180 899 2232 eirren
915 2176 1147 2244 errbr'sclr'o'flr'clren
1175 2175 1269 2256 Botere,

134 2249 218 2315 unfur
244 2250 350 2317 ’yrrlrus
380 2249 510 2316 l‘orpeseta
515 2255 553 2301 ter
567 2249 642 2301 Dedo
653 2249 718 2301 olene
730 2248 836 2314 Zererfel
850 2246 1043 2313 (terruptlruuup
1052 2244 1169 2297 erhulten
1179 2245 1270 2311 werd.)

234 2363 357 2423 Pyrrho
388 2363 545 2412 Tuberoni
573 2362 753 2413 formulario
783 2362 884 2413 literis
917 2358 1115 2420 politioribus
1144 2359 1269 2410 imbuto

600 2445 655 2514 (Μ.
672 2445 796 2516 Eurus).

237 2556 339 2621 Salve.
386 2558 455 2638 Ago
479 2559 537 2622 tibi
561 2559 691 2639 gratias,
709 2558 793 2639 quod
811 2558 1039 2620 immanissima
1056 2556 1141 2620 laeta
1159 2556 1268 2617 neseio

135 2644 225 2725 cujus
259 2644 335 2707 mihi
359 2665 414 2725 per
440 2645 549 2706 literas
582 2646 762 2707 insinuasti.
808 2644 966 2706 Admonet
1001 2643 1083 2704 enim
1120 2640 1177 2704 illa
1212 2646 1268 2703 tua

136 2731 274 2793 narratio
309 2730 438 2792 minime
471 2729 631 2793 fidendum
666 2752 734 2792 esse
766 2729 914 2810 gloriosis
947 2727 1139 2809 proceribus,
1186 2725 1268 2788 Nam

137 2819 259 2896 quanta
281 2815 416 2878 saevitia
438 2822 617 2891 grassatum
643 2817 695 2890 sit,
718 2836 813 2894 quam
838 2813 987 2877 atrociter
1007 2813 1143 2875 affectus
1159 2832 1271 2874 cursor

136 2899 298 2981 episcopii,
333 2900 437 2982 palam
475 2906 532 2963 est..
579 2900 660 2976 Quid
696 2901 889 2980 privatorum
925 2897 1100 2961 tabellariis
1138 2896 1269 2961 facient.

135 2986 190 3066 qui
214 2985 404 3067 principales
428 2986 601 3048 annunties
624 2985 731 3048 inedia
756 2988 926 3060 macerant,
950 2983 1088 3047 stimulis
1116 2988 1275 3065 pungunt

137 3077 169 3134 et
194 3071 280 3133 omni
304 3071 497 3133 contumelia
520 3072 684 3143 infestant,
705 3076 810 3133 notam
830 3069 937 3133 buccis
954 3069 1118 3132 inurentes
1134 3067 1271 3131 auribus

137 3156 328 3238 perforatis?
376 3156 444 3237 „Dii
481 3157 611 3219 meliora
634 3157 695 3238 piis
718 3177 916 3237 erroremque
949 3154 1097 3217 hostibus
1130 3148 1270 3217 illum.“'

137 3242 228 3322 Apud
252 3262 361 3303 omnes
385 3246 497 3321 gentes
520 3248 552 3303 et
574 3242 708 3324 populos
731 3241 926 3304 sacrosancti
950 3239 1109 3303 habentur
1125 3240 1279 3319 insignes

135 3332 168 3390 et
197 3325 295 3407 jurati
328 3327 443 3389 nuntii.
501 3327 562 3389 Eos
597 3327 713 3390 violare
746 3325 852 3404 nefas,
892 3326 1043 3407 impedire
1081 3326 1283 3404 ignominia.

137 3412 262 3494 pulsare
286 3413 464 3492 proximum
488 3412 666 3489 latrocinia
695 3412 862 3475 crudeliter
889 3410 1013 3474 allicere
1045 3411 1215 3491 piraticum
1240 3415 1289 3472 et:

139 3497 276 3579 capitale
311 3501 343 3558 et
375 3497 467 3578 plane
504 3498 634 3578 dignum
670 3497 862 3560 carnificina.
914 3495 983 3558 Non
1020 3497 1118 3578 igitur
1153 3494 1285 3576 injurie

138 3580 301 3645 sceleratis
334 3586 365 3644 et
399 3582 504 3663 impiis
540 3582 667 3663 publico
701 3583 827 3647 decreto
861 3583 959 3644 saeris
994 3581 1212 3656 interdictum,
1236 3588 1288 3645 ul*-

138 3667 226 3749 pravi
250 3667 394 3748 exemplo
417 3667 590 3730 reddantur
612 3668 652 3730 ad
677 3667 823 3748 iujuriam
851 3667 1028 3730 faciendam
1058 3666 1217 3729 tardiores
1240 3671 1290 3729 et'»

137 3753 237 3816 tutior
258 3752 357 3832 spiret
380 3753 463 3814 inter
486 3759 586 3816 tetros
620 3753 811 3815 innocentia.
857 3751 983 3815 Nemini
1016 3751 1161 3819 dubium.
1192 3750 1280 3833 quin

138 3890 300 3898 ——-—--

211 3954 219 3984 ¹
238 3952 357 4020 Pyrrhus
375 3952 475 4005 Tubero
494 3952 556 4005 odor
573 3952 656 4004 Jauus
675 3952 821 4020 t¹unrpegus
846 3952 925 4019 (auch
943 3952 1026 4005 Janus
1048 3950 1171 4004 Burrhus
1194 3950 1277 4005 Cum·

140 4021 242 4141 pegus),
270 4020 438 4076 formularius
462 4021 525 4073 oder
548 4021 634 4073 scriba
660 4021 763 4086 fiscalis,
791 4020 930 4073 Sohreibcr
951 4036 985 4074 an
1002 4021 1075 4072 einer
1100 4018 1276 4073 dffoutlichsn

167 4105 225 4142 asse
251 4089 278 4140 in
302 4089 405 4150 Effert,
437 4105 491 4141 nur
514 4089 556 4140 eiu
579 4089 645 4141 alter
669 4089 817 4141 Bekannter
843 4089 971 4156 Mutuus,
1002 4089 1028 4141 in
1050 4089 1145 4141 desscn
1180 4088 1275 4142 aanor

34 4156 38 4163 '
142 4158 190 4208 uir
207 4158 253 4209 ilrn
273 4158 355 4209 sciron
376 4158 441 4210 1:308
460 4158 543 4209 nebou
561 4157 688 4221 llerbord,
706 4157 805 4222 Trebel,
825 4158 913 4210 Eoban
933 4157 972 4210 als
990 4156 1209 4225 Stogreildichter
1225 4172 1270 4209 uu·

140 4226 241 4277 treffen.
280 4226 336 4293 l'gl.
356 4225 382 4278 S.
400 4227 434 4279 aa
454 4229 483 4279 Α.
503 4226 526 4285 2,
542 4228 569 4277 ὁ.
606 4226 640 4277 Er
657 4226 784 4278 studione
802 4228 829 4277 iu
847 4226 935 4278 Ertmt
953 4225 995 4278 dic
1014 4225 1095 4278 bonae
1107 4224 1213 4291 literae,
1221 4222 1270 4293 gub

141 4293 204 4345 aber
221 4294 304 4346 durch
323 4294 379 4347 sein
398 4294 540 4345 Verlralten
560 4294 606 4346 der
625 4294 717 4360 philos.
737 4294 858 4346 Falrnltr'it
876 4295 951 4346 cinari
971 4296 1089 4355 dustoss,
1112 4308 1169 4345 was
1186 4293 1270 4345 sciret

139 4360 318 4429 Beldnleuurg
342 4378 401 4415 zum
430 4361 555 4428 Magister
573 4363 609 4413 im
628 4363 711 4413 Wee
735 4364 818 4416 stand.
855 4363 913 4430 Vgl.
932 4362 976 4414 re.
995 4362 1053 4415 ⁶210.
1072 4361 1124 4415 27⁴3
1142 4362 1192 4413 des
1208 4360 1267 4415 cod.

140 4427 176 4504 Er
193 4431 271 4498 gierig
290 4436 366 4482 untcr
383 4431 426 4483 dio
444 4430 591 4496 Sclrreiher,
610 4432 663 4483 und
680 4381 783 4483 llutiau
804 4432 874 4483 hatte
886 4448 949 4498 geni
961 4430 998 4482 im
1013 4430 1107 4482 Verciu
1121 4430 1172 4482 mit
1182 4428 1267 4483 Urbe

140 4496 195 4548 rlnn
224 4499 267 4551 dio
297 4498 440 4568 Nachlolge
458 4500 484 4550 iu
504 4501 550 4551 der
577 4499 657 4552 Stelle
684 4499 769 4551 seinos
797 4500 983 4567 l'orgesetztcn
1011 4498 1087 4551 Iludo
1118 4496 1267 4551 vonerint

151 4564 232 4631 lpr'iter
257 4567 375 4619 bedieuto
396 4568 453 4620 sich
477 4567 512 4621 M.
539 4569 625 4620 seiner
649 4567 783 4620 mebrsach
813 4584 874 4620 zum
901 4567 1020 4621 Ankaule
1048 4582 1131 4620 rreuer
1157 4564 1268 4619 Bdohsr.

175 4634 280 4703 'llerg¹
300 4635 391 4704 Georg.
410 4635 457 4703 111,
476 4638 534 4688 sia.
