2774 4966
631 16 636 35 Ι

630 44 635 59 r

628 68 633 77 .

416 14 1386 299 Π

157 617 220 682 352
557 597 645 669 Brlele
662 598 709 668 (les
727 598 751 669 J.
773 602 846 672 1513.

161 794 193 854 et
215 810 273 854 sua
295 786 470 853 amantium
493 788 526 848 et
548 789 671 866 praeter
701 786 943 871 intempestivos
970 789 1184 874 sophistarum
1207 813 1280 875 gar·

159 876 240 939 ritus
264 880 296 937 et
318 874 492 956 captiosam
526 872 750 952 loquacitatem
774 874 905 940 adducit
933 875 1041 939 futiles
1063 879 1279 944 auctoritates.

159 961 216 1025 Est
239 961 320 1023 enim
344 960 422 1023 levis
445 958 619 1021 auctoritas
643 958 764 1023 Alberti
788 965 819 1023 et
835 962 1071 1040 consimilium,8
1093 967 1278 1046 praesertim

161 1053 341 1129 comparata
364 1046 558 1127 gravissimis
580 1045 727 1121 testibus,
744 1047 860 1128 quibus
877 1049 988 1112 nititur
1006 1049 1168 1114 Reuchlin.
1201 1052 1281 1115 Huic

161 1134 354 1198 calumnioso
378 1131 581 1194 conviciatori
604 1130 799 1201 turbulenta,
823 1155 862 1196 na
882 1134 982 1197 dicam
1000 1135 1118 1200 furiosa
1134 1138 1281 1219 apologia

158 1218 327 1301 respondet
349 1218 525 1298 fortiusque
547 1218 719 1297 genuinum
742 1217 834 1298 figit.¹
881 1219 1021 1284 Primum
1051 1223 1207 1286 stultitiae
1231 1246 1281 1288 ar·

160 1308 231 1388 guit
253 1304 470 1380 devotiarium,
493 1307 529 1365 ut
551 1305 617 1384 ipse
633 1304 687 1378 ait,
712 1309 744 1367 et
765 1304 897 1368 adhibet
912 1305 1034 1370 fatuum
1058 1310 1163 1373 nescio
1186 1330 1280 1391 quem

161 1395 199 1456 de
220 1392 335 1473 glossis
357 1389 560 1452 Accursianis
584 1388 721 1451 llrnoldo
737 1390 935 1470 persimilem.
981 1392 1100 1457 Deinde
1117 1395 1280 1459 falsarium

161 1499 227 1542 esse
250 1476 390 1540 ostendit
413 1481 445 1537 et
467 1495 535 1537 cum
559 1474 643 1537 tristi
667 1473 870 1558 Areopagita²
893 1478 975 1540 ridet
990 1481 1084 1542 etiam
1103 1487 1286 1562 poetastros

160 1563 354 1635 auxiliarios,
384 1561 436 1624 sed
462 1560 597 1622 maxime
620 1560 788 1624 Ortuinum
812 1567 904 1642 urget
926 1563 1029 1628 vorbis
1045 1567 1171 1648 quidem
1195 1589 1281 1630 acer-

160 1650 308 1713 bissimis.
353 1646 445 1709 Nune
469 1668 538 1708 oum
564 1666 620 1708 suo
637 1647 718 1709 malo
735 1647 930 1711 didicerintb
954 1650 1004 1713 isti
1022 1651 1120 1729 Scoti,
1143 1651 1280 1729 Scauri',

160 1736 264 1811 Bardi,
288 1733 363 1815 quid
387 1735 429 1795 sit
451 1753 619 1814 provocare
642 1731 823 1810 doctiorem,
855 1735 929 1814 quid
954 1737 995 1798 sit
1021 1738 1280 1819 ,impertinenter

161 1819 341 1903 allegare“‚⁸
378 1827 412 1881 ut
435 1819 493 1899 ipsi
519 1817 700 1897 loquuntur,
734 1818 809 1900 quid
833 1820 969 1901 denique
1002 1822 1106 1887 farere
1139 1824 1278 1888 Judaeis.

162 1909 245 1972 llaec
269 1908 349 1968 onim
375 1906 434 1967 tria
457 1912 533 1966 suut
555 1906 659 1985 capita
674 1905 842 1984 generalia,
866 1907 897 1968 in
916 1907 1033 1987 quibus
1048 1913 1281 1974 controversiae

163 1994 256 2058 cardo
279 1992 422 2054 vertitur.
468 1990 556 2065 Quod
588 1996 694 2053 autern
727 1990 847 2053 doctior
870 1993 912 2055 sit
936 1994 1089 2058 Reuclrlin
1123 1997 1280 2060 universis

162 2079 317 2162 logisticis
352 2076 543 2159 zytlrobibis,
577 2077 797 2157 opinatoribus
828 2078 966 2156 insulsis,
995 2091 1181 2163 argumento
1205 2089 1281 2148 sunt

160 2174 211 2230 tot
232 2165 369 2227 adducta
392 2162 574 2225 testimonia
596 2164 634 2224 de
657 2162 845 2225 Graecorum
869 2169 902 2226 et
922 2164 1133 2230 Hebraeorum
1165 2169 1279 2232 biblio-

160 2253 261 2316 theca.
286 2250 331 2313 De
350 2249 604 2329 ,impertirentur
620 2247 773 2329 allagare“
793 2250 876 2327 (utar
892 2252 973 2312 enim
993 2254 1087 2316 verbo
1105 2254 1278 2319 calumnia·

160 2336 277 2418 torum)
301 2336 346 2399 ita
369 2335 519 2398 atrociter
541 2334 718 2416 respondet,
743 2335 788 2398 ita
810 2357 916 2398 serere
939 2359 971 2399 se
987 2341 1099 2402 asserit
1123 2342 1279 2422 avirgula

161 2423 313 2497 scansoria,
349 2427 384 2484 ut
406 2442 503 2502 paene
527 2418 600 2482 boni
625 2420 682 2482 viri
705 2422 838 2500 gratiam
863 2427 894 2485 et
918 2421 1103 2503 dignitatem
1128 2427 1277 2490 amiserit.

161 2511 202 2575 Et
223 2533 262 2573 ne
286 2508 372 2571 solus
395 2508 426 2568 in
451 2506 606 2569 testandis
629 2507 765 2569 testibus
788 2528 933 2588 peccasse
958 2510 1114 2574 videretur
1137 2518 1168 2576 et
1184 2514 1276 2577 aliter

160 2597 220 2662 sibi
243 2600 369 2676 aptasse
392 2592 567 2656 sententias
590 2592 752 2672 majorum,
776 2614 869 2674 quam
895 2593 1034 2659 habeant
1050 2599 1080 2660 in
1100 2598 1176 2662 locis
1192 2601 1277 2663 suis:

161 2683 255 2748 vertit
278 2701 382 2743 secum
405 2680 437 2741 in
461 2678 584 2758 culpam
616 2683 752 2758 quatuor
784 2679 1014 2760 Evangelistas‚
1045 2684 1120 2747 item
1149 2684 1277 2748 Petrum

162 2778 194 2834 et
221 2766 354 2831 Paulum
384 2768 417 2828 et
443 2763 679 2846 Cyprianum.“⁵
726 2763 785 2827 Hic
813 2765 914 2838 velim,
949 2766 1084 2845 Urbane,
1121 2772 1277 2835 attendas.

166 2853 355 2936 ,Evangelio
379 2871 442 2913 non
466 2849 653 2927 crederam“,
670 2851 775 2929 inquit
791 2849 998 2932 Augustiana,
1024 2856 1103 2936 ,nisi
1126 2856 1202 2920 illud
1227 2879 1276 2920 ec-

163 2941 257 3007 clesia
278 2936 477 3020 recepisset.“
524 2935 613 3012 Quod
636 2942 741 2999 autem
766 2937 897 3000 ecclesia
919 2939 1042 3020 probat,
1065 2963 1145 3023 quae
1161 2943 1277 3006 malum

161 3028 242 3092 ratio
266 3030 323 3102 est,
354 3029 390 3087 ut
412 3045 449 3085 ea
471 3022 597 3085 sinistra
633 3024 890 3103 interpretatione
921 3025 1038 3088 l'umus
1069 3036 1175 3091 noster
1203 3028 1278 3092 sub·

164 3112 313 3176 vertat?⁰
362 3109 431 3172 Non
465 3110 558 3170 datur
592 3108 684 3171 nobis
718 3132 763 3181 ea,
799 3129 879 3188 quae
912 3111 1116 3194 philosophie,
1150 3114 1279 3178 libertas

163 3198 355 3283 disputandi.
402 3196 448 3257 rlrl
472 3193 609 3274 regulam
635 3196 825 3275 loquendum
844 3201 900 3258 est.
942 3198 1063 3261 luimici
1081 3202 1181 3263 crucis
1197 3206 1278 3265 teste

165 3287 269 3351 Leone
292 3305 375 3365 papa
397 3303 457 3344 uon
483 3281 573 3343 lactis
603 3281 713 3357 solum,
741 3281 794 3343 sed
818 3282 911 3344 etlam
936 3284 1039 3347 verbis
1062 3288 1179 3349 nostris
1202 3288 1278 3350 insi·

164 3374 299 3437 diantur.
346 3369 440 3431 Porro
463 3368 494 3429 in
519 3366 577 3428 bae
599 3365 699 3431 secta⁶
723 3366 879 3430 catholica
902 3369 992 3432 multi
1015 3377 1099 3447 sunt,
1123 3373 1185 3436 imo
1208 3372 1278 3456 plu·

164 3460 244 3535 rimi,
268 3458 330 3520 imo
353 3475 451 3536 paene
474 3474 581 3516 omnes
605 3453 709 3535 pusilli
734 3458 766 3515 et
787 3454 968 3529 imbecilles,
996 3458 1111 3538 quibus
1134 3459 1215 3522 lacte
1237 3460 1280 3523 sit

164 3567 253 3627 opus
284 3563 345 3605 non
369 3540 469 3604 solido
493 3539 580 3616 cibo;
615 3561 695 3619 quos
728 3540 767 3602 ad
790 3562 823 3601 se
847 3546 938 3604 vocnt
965 3542 1057 3623 liujus
1084 3545 1279 3608 orthodoxae

163 3636 267 3695 sectae
295 3634 390 3709 caput.
423 3625 574 3706 singulari
606 3627 720 3689 amoris
750 3625 927 3707 privilegio:
973 3627 1095 3708 „Sinite
1132 3632 1279 3712 parrulos

163 3718 268 3782 venire
291 3715 330 3777 ad
354 3736 402 3776 me
425 3719 455 3775 at
479 3713 575 3775 nolite
592 3734 644 3774 eos
660 3711 834 3793 probibere,
859 3713 966 3776 talium
985 3717 1066 3777 euim
1085 3725 1131 3778 nst
1148 3739 1278 3796 reguum

232 3919 245 3946 ²
259 3903 396 3956 consilium
417 3901 489 3952 Tura.
535 3903 549 3938 b
563 3900 708 3951 didicerunt
729 3899 801 3950 Tcur.
843 3904 999 3966 open-eun
1020 3900 1091 3952 Trux.

162 3975 251 4028 Busolr
263 3974 314 4024 und
327 3971 424 4023 (litu'in
435 3974 442 4015 l
447 3969 539 4021 iratius
558 3969 646 4020 lrattou
660 3969 922 4034 Empfolrluugsrorsn
943 3986 988 4021 ror
1008 3969 1140 4036 'luitgerus
1152 3971 1278 4024 b'rluuiilr-

163 4044 232 4096 buch
248 4046 353 4108 gesara.
372 4057 424 4091 uas
436 4046 509 4089 nnur
519 4039 566 4088 dou
583 4038 752 4089 lluurauistou
771 4038 821 4089 rial
833 4038 913 4089 Stnub
931 4039 1099 4099 aul'wirlulto,
1119 4040 1157 4090 uis
1170 4044 1281 4094 cister-nr

164 4112 282 4166 manueli
303 4110 436 4161 u'irlcrriel'.
510 4109 515 4136 ¹
537 4106 663 4157 llorulilin
683 4107 707 4156 lu
726 4107 811 4157 solum·
830 4106 948 4158 linicasio
970 4110 1040 4160 lr'rlll.
1112 4109 1280 4176 ²lliouysius

165 4180 327 4248 Arrropagitu.
352 4181 397 4230 uul'
424 4180 515 4228 (luascu
540 4175 777 4244 unurgcsclmbuue
799 4176 927 4227 Srlulltcu
950 4178 1004 4227 sicli
1026 4178 1143 4243 Tunger-n
1167 4183 1280 4242 gestiital

166 4252 246 4304 liutto.
302 4252 312 4279 ³
329 4248 401 4299 Alter
422 4247 634 4303 l'orsoumruame,
653 4243 710 4294 lrier
728 4261 815 4310 wagan
835 4261 942 4296 sciturus
997 4245 1149 4313 lilurupl'uss
1162 4241 1280 4312 (llspsfpp.

166 4320 228 4373 lrom
249 4337 272 4372 u.
292 4318 449 4383 t'nrnnrlou).
521 4316 529 4342 ⁴
549 4313 732 4365 llnrlrarisrlmr
750 4314 883 4365 ,lusdrucl'
915 4315 1047 4378 'lirugoms
1065 4315 1099 4365 im
1119 4315 1197 4367 Sinus¹
1218 4334 1279 4369 rou:

165 4389 297 4453 nnnc-nup
314 4386 429 4436 sitien-n.
458 4384 492 4434 llr
503 4382 551 4447 gab
570 4381 697 4432 llorulrliu
708 4383 814 4447 Sclurld,
830 4382 1021 4435 llouuieullru
1042 4385 1066 4434 iu
1086 4385 1168 4435 cirum
1183 4387 1279 4439 audura

164 4460 204 4511 uls
222 4459 280 4510 dour
299 4454 425 4507 lrirrblirlr
448 4451 648 4518 lmrgolnurlrtcu
675 4451 753 4502 Simu·
780 4453 915 4517 urrgrl'ulut
935 4470 966 4504 au
987 4454 1077 4504 lurluu.
1140 4457 1150 4484 ³*
1168 4454 1196 4505 ll.
1219 4457 1281 4506 nine

165 4528 241 4585 uach,
260 4527 319 4578 dass
338 4523 405 4575 auclr
424 4523 494 4573 diosc
513 4522 577 4571 iiltcr
595 4521 666 4570 oium·
684 4520 860 4572 Bruuisstollr
878 4522 951 4572 cirron
971 4524 1065 4573 uudrru
1094 4521 1156 4573 Siuu
1176 4525 1214 4575 uls
1232 4526 1281 4575 deu

164 4588 379 4665 ursprlingliclmu
399 4590 566 4657 untorgulcgt.
627 4588 819 4641 ⁶Abaiclrtlirlr
837 4594 900 4642 stult
919 4590 1022 4655 liirclro,
1042 4590 1099 4642 weil
1118 4592 1160 4644 dio
1179 4593 1281 4660 (legiter

162 4666 212 4719 den
231 4663 368 4718 Ausdruok
385 4660 527 4713 llouclrlius
546 4659 691 4711 rcr·ketzert
710 4658 805 4711 lratten.
828 4659 883 4726 l'gl.
902 4660 927 4714 S.
947 4662 996 4711 ¹3:35
1015 4666 1045 4712 A.
1064 4664 1086 4711 l.
