2774 4966
399 39 1313 289 Ιι-

128 599 191 664 156
512 599 600 654 Briete
619 616 669 655 von
690 602 870 661 lbos-1509.

129 769 278 833 videntur
301 772 449 852 prodesse
472 773 613 852 balneae,
639 782 798 851 tonsurae,
822 776 974 847 rosiones,
1004 773 1123 836 linteae
1147 776 1264 848 vestes,

128 857 248 919 candor
271 859 421 939 corporis
447 860 507 921 nisi
532 882 622 922 mens
645 862 685 924 ab
708 863 854 937 avaritia,
885 859 1044 940 superbia,
1079 859 1267 939 arrogantia

130 942 317 1023 cunctisque
340 944 471 1024 flagitiis
503 947 665 1026 purgatior
696 947 849 1009 ascendat.
871 947 903 1008 in
928 943 1049 1008 coelum
1074 944 1267 1025 etpedibus

130 1032 272 1089 terrenas
304 1029 496 1109 cupiditates
527 1037 659 1110 premat,
691 1038 727 1093 ut
757 1032 919 1112 eleganter
952 1029 1068 1093 cecinit
1104 1029 1267 1105 Eobanus,

131 1116 226 1192 poeta
255 1113 426 1193 egregius¹.
473 1114 601 1178 Coelum
633 1118 664 1178 in
697 1117 819 1179 ratione
851 1121 900 1180 est
929 1119 961 1178 et
992 1114 1152 1196 sapientia
1176 1120 1209 1176 et
1232 1114 1266 1178 in

132 1197 248 1259 virtute
281 1220 422 1279 regnum,
453 1204 490 1262 ut
519 1201 625 1281 inquit
660 1201 839 1284 Apostolus.
888 1203 1068 1263 annotasse
1102 1201 1136 1262 te
1170 1199 1266 1263 credo

131 1283 216 1363 apud
248 1283 384 1346 Plinium
416 1283 597 1348 iuniorem:
622 1287 697 1349 deos
720 1288 806 1369 ipsos
831 1308 892 1349 non
917 1291 983 1349 tam
1006 1283 1165 1348 accuratis
1189 1285 1269 1347 ado·

132 1369 270 1429 rantium
316 1370 461 1449 precibus
506 1391 601 1451 quam
643 1371 828 1435 innocentia
865 1379 897 1433 et
934 1371 1107 1434 sanctitate
1152 1369 1267 1433 laetari

131 1453 364 1534 gratioremque
387 1455 559 1529 aestimari,
577 1457 631 1535 qui
648 1457 787 1519 delubris
811 1478 918 1520 eorum
943 1477 1052 1537 puram
1078 1459 1267 1536 castamque

132 1542 280 1613 mentem,
304 1560 400 1620 quam
424 1541 478 1621 qui
504 1541 655 1619 protitom
682 1542 811 1604 Davidis
828 1563 953 1604 carmen
971 1536 1141 1603 intulerit².
1181 1539 1266 1615 Quid

133 1623 257 1686 multa?
301 1624 411 1686 lnedia
434 1625 613 1688 voluntaria
644 1627 737 1689 nobis
767 1625 958 1690 Christianis
988 1646 1044 1706 pro
1074 1625 1180 1688 cicuta
1205 1630 1267 1699 est,

131 1713 251 1771 castrat
284 1716 316 1771 et
348 1714 454 1773 castos
492 1710 577 1773 lacit.
635 1711 757 1774 Plinius
795 1711 893 1792 Major
932 1711 1025 1773 dicit:
1067 1709 1269 1790 „Utilissima

132 1796 343 1876 temperantia
377 1796 407 1856 in
440 1795 550 1858 cibis“
599 1795 765 1859 Cornelius
799 1795 911 1859 Celsus
945 1799 1039 1876 putat
1070 1794 1265 1859 athletarum

131 1878 220 1942 cibos
244 1880 336 1943 nobis
358 1902 427 1943 esse
451 1902 673 1962 supervacuos.
720 1882 829 1945 Placet
851 1881 929 1944 mihi
953 1881 1130 1962 disputatio
1152 1880 1269 1944 Hiero·

132 1967 217 2044 nymi
240 1972 352 2028 contra
379 1966 584 2029 lovinianum
609 1966 647 2029 de
667 1966 808 2047 jejuniis,
842 1988 904 2029 non
940 1973 1046 2029 tamen
1084 1965 1268 2047 persuadet,

129 2055 166 2112 ut
188 2071 302 2133 corpus
326 2073 483 2114 macerare
505 2051 599 2115 velim
625 2049 817 2134 cacocbylis⁸
841 2056 873 2114 et
895 2051 1018 2132 frigidis
1041 2050 1131 2113 cibis.
1179 2049 1268 2133 Lege

131 2137 322 2200 sententiam
346 2137 492 2200 Beroaldi
517 2159 579 2200 non
605 2137 713 2219 procul
737 2160 754 2199 a
777 2139 841 2200 fine
865 2135 1015 2217 Apuleji.⁸
1057 2135 1134 2198 Eam
1151 2139 1269 2200 teneas

131 2225 243 2303 utpote
266 2221 514 2285 saluberrimam.
564 2222 716 2303 „Valeant
737 2222 976 2304 hierophantae,
1008 2221 1268 2300 hierodidascali,

130 2304 378 2390 hierophylaces‚
404 2308 504 2384 bardi,
529 2309 681 2390 DruydeS,
709 2309 1001 2390 gymnosophistae,
1025 2307 1121 2388 magi,
1144 2305 1269 2388 Pytha·

131 2393 240 2473 gorici,
269 2393 394 2469 ludaei,
426 2392 544 2476 Cynici,
581 2394 741 2457 cucullati.
786 2393 866 2457 Mihi
890 2394 981 2456 cibus
1004 2392 1171 2456 delicatior
1200 2414 1269 2457 noo

131 2477 234 2554 obest,
257 2479 333 2560 quia
355 2479 523 2560 subjugavi
541 2483 578 2542 ut
595 2479 697 2543 bonus
713 2479 921 2562 philosophus
943 2478 1059 2541 rationi
1083 2478 1268 2560 appetitum

133 2568 165 2627 et
187 2565 253 2628 scio
276 2564 404 2628 mundis
434 2565 541 2628 omnia
572 2565 701 2641 munda,
725 2571 758 2627 et
780 2585 973 2646 quamquam
1006 2584 1070 2626 non
1101 2564 1142 2626 ad
1173 2585 1269 2646 prae-

133 2649 285 2730 scriptum
309 2650 545 2732 superstitionis
565 2649 719 2731 jejunium
737 2671 837 2725 servo,
855 2650 973 2713 nullius
987 2654 1095 2712 tamen
1114 2647 1268 2712 monaehi

130 2734 282 2813 frugalior
305 2758 415 2798 mensa
438 2756 533 2815 quam
559 2742 677 2799 nostra.
724 2736 799 2799 Esse
815 2736 903 2810 libet,
920 2742 956 2797 ut
972 2732 1107 2797 vivam.“
1158 2734 1266 2798 Addo:

130 2820 260 2883 verbum
278 2825 369 2884 tuum
386 2819 522 2883 dieceta⁵
539 2843 650 2901 graece
666 2821 816 2884 scribitur
832 2808 1010 2904 διοικὴτης,
1025 2823 1268 2902 procuratorem
1297 2821 1312 2831 '

131 2906 301 2986 significat.
348 2906 531 2969 Notandum
556 2913 614 2980 est,
638 2912 758 2986 quanto
781 2907 813 2968 in
838 2928 940 2968 errore
975 2910 1140 2967 versentur
1170 2904 1270 2985 juris·

132 2992 224 3071 periti
257 2991 378 3056 indocti
410 2998 442 3055 et
468 2997 665 3072 arrogantes,
701 2993 755 3072 qui
792 2992 956 3072 syndicum
998 2993 1114 3053 vocant
1150 3011 1268 3071 procu·

130 3083 267 3141 ratorem
292 3077 425 3157 collegii.
474 3065 629 3148 Σύνδικος
652 3065 820 3161 tromper-s·
842 3077 861 3138 i.
886 3100 911 3138 e.
936 3075 1114 3139 communis
1136 3082 1269 3139 curator

131 3164 197 3225 sive
230 3162 334 3226 curiae
369 3163 437 3225 sive
471 3163 690 3225 universitatis
720 3168 777 3226 aut
807 3184 950 3244 paganae
984 3166 1040 3224 aut
1070 3159 1175 3223 civilis
1209 3166 1269 3225 aut

133 3246 393 3311 ecclesiasticae!
437 3247 540 3310 Pudet
564 3270 612 3310 me
635 3248 763 3329 saepius
783 3248 896 3311 erroris
912 3268 1029 3323 eorum,
1046 3245 1101 3326 qui
1119 3246 1269 3310 doctores

132 3333 341 3415 appellantur.
399 3333 464 3413 Ego
503 3333 654 3395 minimus
691 3333 907 3413 apostolorum
947 3333 966 3394 i.
1005 3354 1030 3393 e.
1071 3330 1268 3395 novissimus

131 3418 314 3498 plerumque
344 3419 463 3480 tacitus
494 3419 610 3481 damno
641 3419 725 3481 mille
756 3439 858 3499 nugas
890 3417 1092 3498 ineptiorum.
1138 3413 1203 3478 Sed
1226 3438 1269 3480 ne

132 3503 340 3585 popularibus
364 3504 435 3565 istis
457 3502 652 3565 factionibus
669 3508 701 3566 et
717 3512 861 3566 armento
877 3502 1044 3565 sciolorum
1061 3501 1266 3564 stomachum

131 3588 254 3665 faciam,
290 3589 444 3651 conniveo
475 3594 507 3651 et
538 3588 709 3651 salutarem
741 3589 787 3651 ori
819 3588 954 3667 digitum
989 3606 1125 3668 oppono.
1179 3584 1268 3650 Malo

130 3679 239 3737 mutus
262 3696 331 3736 esse
354 3696 450 3755 quarn
474 3673 603 3753 loquax,
630 3696 668 3736 ne
691 3673 768 3735 mibi
802 3693 999 3754 „processum
1032 3671 1198 3748 mittant“‚
1231 3678 1268 3735 ut

131 3759 190 3840 ipsi
228 3760 413 3839 loquuntur,
448 3759 477 3820 h.
513 3781 537 3819 e.
571 3763 807 3840 programmata
845 3763 876 3818 et
912 3756 1055 3819 libellum
1095 3755 1266 3819 forensem.

132 3843 233 3908 Multa
257 3846 427 3908 multorum
453 3848 557 3906 errata
580 3843 719 3906 obelisco
743 3842 953 3916 confodimus
976 3842 1029 3905 sed
1047 3841 1265 3922 pythagorica.

285 3945 346 3997 Cod.
366 3944 432 3996 Frcf.
452 3945 510 3996 365.

200 4064 207 4093 ¹
226 4063 271 4115 loli
293 4080 400 4131 rcrmag
418 4063 460 4114 die
479 4062 559 4115 Stelle
578 4063 652 4115 nicht
670 4062 879 4127 nachauweisen,
898 4061 1034 4113 riolloicht
1052 4059 1111 4111 siud
1125 4059 1169 4112 die
1183 4061 1266 4114 Versa

128 4129 201 4182 nicht
213 4131 340 4184 erhalteu.
395 4134 405 4163 ⁹
423 4131 491 4184 Plio.
503 4131 631 4198 Panegyr.
643 4134 666 4183 3.
703 4131 772 4198 Statt
789 4131 946 4184 meditatum
961 4145 1067 4181 carmen
1079 4131 1148 4180 setzt
1160 4127 1266 4182 Mutiau

129 4199 269 4274 protritum
288 4200 398 4252 Dauidis
416 4216 530 4254 carmen.
550 4199 638 4251 indern
658 4216 686 4251 cr
704 4200 791 4268 gleielr
810 4199 852 4250 dic
872 4198 1046 4317 hnwondung
1058 4195 1157 4273 aufdie
1168 4197 1266 4275 christ-

128 4265 216 4318 lichen
235 4267 350 4320 Pricstcr
368 4269 463 4320 macht.
502 4267 661 4320 Aelinlichcr
679 4268 802 4320 Godankc
820 4267 848 4317 in
866 4265 909 4318 ΒΓ.
930 4266 987 4319 120.
1045 4265 1132 4330 pncht
1148 4265 1192 4316 fiir
1209 4266 1265 4318 die·

126 4333 199 4386 selba
226 4336 357 4389 Ablassun
383 4336 441 4389 'zeit
469 4336 542 4403 (Juui
573 4336 658 4403 laur).
741 4335 918 4397 ³Kam1'2vtoc
937 4355 969 4372 =
992 4332 1112 4385 schlooht
1139 4333 1265 4387 atthrend.

128 4401 247 4456 ⁴Seinor
270 4408 392 4473 Ausgae
419 4406 465 4458 des
489 4404 587 4458 Asinus
611 4420 714 4457 aursus.
786 4402 947 4455 ru'oruber
977 4401 1114 4476 llerbord·
1130 4402 1268 4479 angetragt

181 4470 266 4524 haben
290 4473 400 4526 scheiut.
471 4472 603 4525 ‘Weren
626 4472 673 4525 des
700 4472 804 4524 Wortes
828 4469 963 4538 Syndikus
995 4471 1045 4522 den
1071 4467 1144 4521 ltrref
1167 4486 1197 4521 rn
1219 4470 1267 4525 das

218 4541 340 4664 liluhu
366 4545 463 4663 seizffi'
486 4557 527 4594 wo
552 4491 673 4594 herboni
695 4540 813 4594 Ertmter
835 4538 969 4607 Syndikus
998 4537 1095 4601 warde,
1125 4537 1191 4606 geht
1213 4552 1264 4593 aus

211 4622 220 4660 r
259 4624 311 4663 run
329 4626 363 4664 en
380 4626 424 4663 nro
474 4624 515 4664 an.
