2774 4966
302 616 408 672 Mutiun
426 634 460 672 an
479 616 571 672 Urban
588 616 644 671 und
664 617 785 672 Sohalbe.
821 618 925 672 hlutian
944 635 977 672 an
996 617 1094 674 Urban.
1201 622 1264 688 389

141 786 242 853 tibus¹
276 794 379 852 vester
401 790 433 854 in
457 790 543 852 omni
572 810 685 871 genere
712 788 873 852 literarum
903 787 1153 867 consecraneus,²
1177 794 1209 853 et
1232 790 1260 853 si

140 876 244 939 obiter
263 874 404 956 judicare
427 875 501 939 lieet
524 875 561 938 de
585 875 723 937 moribus
746 879 777 938 et.
800 872 953 946 doctrina,
972 879 1038 939 tum
1056 875 1173 958 probus
1188 882 1257 939 tum

142 960 294 1025 eruditus,
351 960 424 1041 Egit
458 962 585 1044 inquam
622 961 659 1023 de
693 960 884 1041 antiquitate
921 962 1051 1043 patriae,
1090 984 1184 1045 quam
1217 963 1257 1025 ad

140 1045 256 1110 Bacchi
270 1047 399 1109 numina
413 1047 522 1110 multis
538 1051 569 1108 et
582 1045 677 1126 justis
694 1046 870 1109 rationibus
886 1046 1058 1124 referimus,
1075 1049 1257 1128 praesertim

139 1133 201 1197 fide
231 1132 434 1196 historiarum
470 1133 584 1195 muniti
607 1138 638 1194 et
660 1133 850 1195 auctoritate
884 1129 995 1196 Celtis⁸
1029 1134 1168 1211 subnixi,
1204 1135 1259 1215 qui

138 1221 172 1283 in
197 1217 363 1281 almoribus
387 1218 503 1282 Bacchi
526 1218 629 1281 sedem
653 1218 790 1298 eleganti
813 1219 978 1299 praeconio
1002 1219 1148 1284 celebrat.
1192 1217 1255 1284 Sed

140 1309 314 1368 vestrarum
339 1306 476 1386 partium
492 1305 552 1367 erit
568 1305 727 1386 dispicere,
746 1326 819 1367 num
837 1305 1001 1368 dicendum
1019 1306 1061 1369 sit
1078 1304 1257 1369 Dibacchus

140 1413 178 1453 an
204 1390 404 1454 Dibacchius
449 1389 507 1453 Est
522 1391 603 1452 enim
623 1389 814 1472 praeclarum
832 1390 904 1454 dare
920 1391 1070 1471 gentihus
1085 1396 1117 1455 et
1133 1391 1257 1473 populis

139 1477 242 1560 prisca
264 1476 428 1551 vocabula,
453 1476 484 1539 id
508 1476 591 1558 quod
616 1475 733 1538 multae
757 1476 901 1539 lectionis
923 1477 1136 1559 antiquarium
1158 1478 1255 1542 decet.

140 1563 294 1639 Quocirca
327 1563 435 1626 adeste
472 1563 602 1625 maximi
639 1561 755 1624 Bacchi
791 1564 952 1626 antistites
989 1565 1193 1628 sacratissimi
1226 1568 1258 1628 et

141 1648 272 1712 Stolone
297 1652 437 1712 nostrum
461 1649 495 1711 in
517 1648 622 1710 album
648 1647 889 1728 pulcherrimum
913 1647 1028 1713 Bacchi
1050 1650 1187 1731 recipite.

240 1733 320 1809 Quid
345 1735 543 1815 potissimum
567 1732 743 1806 excelleret,
767 1735 945 1816 quaesitum
969 1740 1027 1810 est,
1050 1757 1089 1797 an
1115 1734 1256 1799 Bacchus

136 1821 157 1883 i.
180 1842 205 1883 e.
238 1821 346 1884 vinum
370 1842 410 1883 an
435 1820 545 1882 mulier
568 1842 607 1882 an
631 1819 709 1882 rex?
753 1817 869 1901 Magna
899 1820 983 1902 (quis
1013 1821 1147 1900 nescit?)
1175 1822 1256 1903 regis

138 1906 290 1988 potentia,
326 1906 426 1988 majus
459 1906 621 1988 imperium
657 1905 854 1968 dominarum
877 1906 909 1969 in
940 1906 1056 1970 stultos
1090 1912 1255 1986 amatores,

137 1992 191 2056 sed
214 1992 308 2074 longe
331 1993 469 2055 maxima
491 1992 569 2055 ditio
593 1991 708 2055 Bacchi
731 1991 764 2054 in
787 2013 879 2055 omne
902 2012 1002 2075 genus
1024 1993 1212 2058 mortalium.

290 2092 351 2146 Cod.
368 2092 435 2147 Fiet.
456 2093 512 2146 131.

138 2280 252 2351 (Golha.)
658 2265 728 2329 319.
994 2282 1062 2352 (huf.
1081 2282 1148 2337 Nov.
1170 2282 1255 2352 1513.)

510 2391 653 2462 Mutiau
675 2378 730 2462 au
749 2390 884 2462 [Trban.

140 2520 233 2589 (Klupe
250 2521 312 2574 tiber
329 2522 371 2575 die
394 2522 585 2576 lf'rrrecllr'clrtrer't
602 2523 645 2575 des
667 2523 810 2590 Certumque
827 2523 884 2574 arrad
900 2523 1019 2575 ldmdiua
1036 2522 1102 2575 belm
1123 2521 1255 2588 Eirdarrfo

258 2609 307 2644 rma
327 2591 453 2644 Br'r'clreru.
491 2594 626 2660 Aristrdqe,
645 2591 747 2644 Br'r'clrer
763 2591 820 2643 rcnd
838 2591 966 2644 Srlrudten
983 2592 1136 2660 belrcffmrd.)

192 2703 231 2754 D.
249 2705 345 2755 Henr.
363 2705 490 2756 Urbano
509 2708 572 2757 tam
591 2705 776 2756 domesticae
794 2719 885 2766 quam
902 2705 1003 2756 civilis
1019 2704 1204 2766 prudentiae

191 2791 427 2849 consultissimo,
443 2792 512 2842 viro
529 2791 713 2852 philosopho
733 2793 764 2842 et
782 2791 870 2851 quasi
886 2791 1050 2851 insigniter
1072 2790 1203 2840 amando

600 2874 654 2942 (M.
672 2872 793 2942 Rufus).

240 2986 273 3049 S.
318 2987 388 3050 darn
405 2986 482 3051 mihi
498 2989 577 3051 scire
593 2988 709 3062 videor,
726 2987 850 3051 Urbane
874 2986 1126 3070 prudentissime,
1144 3008 1253 3067 quem·

137 3073 305 3136 admodum
343 3073 479 3136 Novata‘
515 3096 628 3137 munus
662 3074 892 3156 procurationis
926 3073 1109 3151 confecerit3
1148 3076 1252 3136 fontes

136 3161 218 3223 enim
251 3161 342 3240 quasi
370 3161 522 3242 quosdam
553 3160 761 3223 fraudationis
792 3161 942 3242 aperuisti
969 3165 1065 3240 atque
1087 3159 1164 3222 adeo
1187 3180 1252 3222 cre-

137 3245 211 3308 ditis
241 3246 274 3308 in
307 3246 400 3310 rebus
435 3246 656 3310 labefactatam
692 3246 784 3309 fidem
818 3246 934 3327 arguis
968 3250 1003 3309 ut
1035 3245 1083 3308 vel
1116 3245 1253 3308 maxime

137 3331 347 3412 suspicionem
383 3354 509 3395 moveas
547 3334 708 3412 quaesisse
747 3331 934 3396 libellionem
973 3331 1094 3395 celandi
1131 3331 1253 3413 peccati

137 3417 330 3481 diverticula.
383 3418 462 3495 Quid
497 3425 602 3481 autem
638 3419 676 3481 de
710 3418 843 3481 obscuro
878 3442 914 3481 ac
947 3418 1035 3480 tenui
1070 3417 1253 3499 paedagogo

136 3503 274 3566 Rhodio‘
310 3504 474 3567 dicemus?
519 3504 552 3566 ui
582 3504 759 3581 honestum,
792 3526 936 3586 aequum,
972 3525 1088 3579 verum,
1123 3509 1252 3579 rectum,

137 3588 319 3667 humanum,
341 3590 516 3670 legitimum
533 3591 683 3671 magister
699 3594 843 3672 expetere
860 3596 891 3652 et
906 3589 994 3671 sequi
1011 3589 1122 3665 noluit,
1140 3588 1252 3652 saltem

138 3674 247 3740 debuit
282 3677 380 3739 vitare
414 3676 558 3753 dedecus,
592 3676 797 3757 ignominiam
820 3681 852 3738 et
878 3676 1090 3757 captationem
1125 3674 1252 3739 infamis

138 3759 225 3824 lueri.
271 3761 368 3825 Estne
398 3760 458 3825 hoc
488 3761 675 3844 philosophi,
699 3762 753 3841 qui
776 3760 989 3824 adolescentes
1011 3762 1050 3825 ad
1073 3761 1197 3824 laudem
1221 3765 1253 3824 et

136 3964 181 4015 dm
200 3964 275 4015 Wort
292 3964 374 4018 Secta.
394 3966 419 4019 S.
430 3968 479 4018 255
490 3968 520 4017 A.
531 3968 555 4017 f.
610 3968 617 3996 ¹
635 3964 786 4017 elleinn'ous
803 3963 867 4017 Stoll
881 3965 913 4016 do
928 3964 1061 4031 dippuch·‹,
1074 3963 1211 4016 iuunatrilr.
1225 3963 1251 4015 in

136 4031 187 4084 Err.
201 4037 254 4085 ost.
272 4036 336 4086 15111
357 4035 544 4099 (Weissenb.
563 4035 647 4086 rlkten
666 4034 699 4095 ll,
718 4034 786 4102 251).
798 4032 864 4101 Mag.
886 4035 947 4086 1511
969 4032 1030 4097 (ull.
1050 4032 1252 4099 Magistcrlists).

135 4101 198 4152 lrurz
216 4102 334 4154 Diobach
351 4106 470 4172 genennt,
490 4120 543 4155 was
560 4103 662 4157 Mutian
680 4102 827 4156 sclrerzhult
843 4101 891 4153 mit
909 4101 1027 4154 Bacchus
1042 4102 1067 4153 in
1084 4101 1252 4168 Verbiudung

136 4169 228 4238 bringt.
281 4174 291 4202 ²
360 4188 555 4233 consacraneus,
568 4171 704 4233 συμμιστῆς
720 4170 884 4238 llitpriester,
896 4169 1025 4223 mittelalt.
1038 4169 1093 4223 Lat.
1147 4172 1158 4201 ³
1175 4169 1250 4222 Conr.

135 4237 229 4303 Celtas,
248 4239 398 4293 benllrnrter
416 4241 563 4305 llumanist,
582 4243 601 4297 †
621 4240 692 4293 1508.
721 4239 902 4301 hsehbach,
922 4239 1015 4292 Gesch.
1032 4240 1056 4291 d.
1068 4239 1153 4291 Wieu.
1172 4237 1249 4291 Unir.

135 4305 169 4373 ll,
198 4307 338 4363 lau-210.
383 4310 458 4362 Scine
488 4314 613 4362 Amorum
640 4308 697 4360 libri
726 4308 761 4361 IV
791 4307 907 4360 Norirub.
937 4307 1009 4359 1502.
1090 4306 1251 4374 ‘herdingi‘

137 4375 239 4444 (uolat.)
266 4378 385 4431 Gaureint
402 4379 437 4430 ist
455 4379 607 4445 (Jarnpegus,
626 4379 672 4429 dor
689 4376 785 4429 libellio
804 4376 949 4443 (notarius),
968 4378 1013 4428 der
1025 4377 1070 4428 auf
1079 4375 1250 4429 (1611116161-

133 4460 219 4498 messo
238 4444 275 4497 im
294 4448 411 4500 Ankaulc
429 4448 471 4499 fiir·
488 4447 587 4498 llutian
606 4447 666 4499 sehr
684 4445 852 4513 angliirlrlreh
870 4461 988 4511 gerresen
1000 4461 1060 4497 war.
1088 4446 1249 4498 138811.

134 4512 296 4568 'Sebastian
314 4516 440 4571 Rhodius,
458 4515 574 4567 Erfurtor
592 4514 727 4579 Emieher3
751 4514 854 4566 scheint
872 4517 1018 4582 campagus
1037 4513 1084 4565 ruit
1102 4529 1148 4565 zur
1164 4512 1249 4567 Messe

133 4581 256 4649 begleitet
274 4601 307 4637 an
330 4585 422 4637 haben.
459 4583 493 4636 hl.
518 4584 589 4653 gicht
612 4584 668 4636 ihm
690 4599 781 4652 uegen
807 4583 893 4636 seinos
920 4583 1071 4636 schleohtou
1099 4581 1250 4635 6666111166
1286 4591 1292 4601 ’

133 4651 261 4720 gerudezu
279 4653 474 4722 botriigerisehe
493 4653 605 4706 Absicht
621 4651 726 4706 Schuld.
762 4651 821 4721 ugr.
839 4652 907 4706 auoh
925 4651 967 4705 die
984 4651 1043 4721 folg.
1061 4650 1104 4705 Br.
