2774 4966
413 39 1385 288 -

144 643 208 711 594
374 643 528 700 Zeratreute
548 642 634 698 Briete
650 652 701 697 aas
720 640 924 697 verschiedeucn
944 608 1061 698 Ζεὶὺειι.ι

151 817 238 894 Quae
262 837 401 880 errorum
426 817 593 881 annotatio
617 821 742 880 tantum
760 816 821 879 tibi
836 816 921 897 apud
936 820 1089 880 rectorem
1106 815 1288 880 studiorum

148 907 278 984 paratas
302 902 412 966 laudes
435 902 555 965 adimet
578 905 796 984 (quamquam,
821 902 898 982 quid
921 923 1012 966 verae
1032 901 1138 966 laudis
1154 900 1288 978 habeas,

149 1009 213 1051 nou
237 988 391 1063 invenio),
426 993 581 1070 quantum
618 987 710 1050 nobis
742 991 894 1069 poterunt
925 987 1010 1050 leves
1044 988 1093 1050 tui
1126 986 1287 1052 versiculi.

149 1073 226 1150 Quis
250 1075 335 1135 enim
361 1074 389 1136 ei
411 1072 505 1136 fidem
538 1072 691 1136 adhibeat
714 1074 745 1134 in
770 1073 906 1136 alienam
940 1073 1138 1136 literaturam
1168 1077 1289 1136 temere

147 1158 322 1234 invehenti,
361 1179 454 1240 quem
497 1163 562 1221 tam
602 1158 762 1237 pueriliter
800 1156 1032 1221 hallucinatum
1076 1156 1289 1240 cognoverit?

149 1244 278 1307 Miseret
306 1265 354 1307 me
384 1244 584 1325 ignorantiae
617 1248 701 1319 tuae,
736 1243 791 1324 qui
822 1263 891 1306 cum
928 1244 1006 1306 nihil
1041 1245 1149 1326 sapias
1179 1243 1288 1306 omnia

149 1349 260 1410 sapere
284 1329 383 1392 videri
407 1329 454 1391 vis
478 1335 510 1391 et
532 1328 578 1391 illi
603 1328 682 1391 nihil
705 1328 886 1397 concedere.
909 1329 966 1409 qui
989 1333 1116 1392 tuorum
1140 1328 1287 1392 laborum

145 1414 245 1496 judex
267 1435 337 1476 esse
361 1414 498 1495 poterit3
521 1412 613 1494 cujus
646 1413 768 1476 litteras
798 1434 862 1477 non
893 1414 1056 1496 intelligis,
1092 1413 1183 1496 cujus
1215 1434 1287 1476 eru·

150 1500 303 1562 ditionem
329 1520 383 1580 per
413 1499 596 1562 universum
626 1500 711 1562 vitae
739 1520 865 1562 cursum
895 1520 958 1563 nou
988 1501 1176 1581 assequeris.
1223 1497 1287 1562 Sed

153 1606 193 1648 ne
217 1588 249 1647 te
273 1605 312 1646 ex
336 1585 451 1647 insano
476 1584 714 1647 insanissimum
739 1583 866 1648 reddam
892 1584 1099 1666 (quamquam
1123 1583 1202 1647 nihil
1219 1584 1286 1666 jam

150 1674 226 1734 tuae
262 1669 406 1732 insaniae
440 1669 590 1732 accedere
621 1670 741 1751 queat),
770 1669 822 1732 hic
845 1674 974 1733 nostrae
1008 1670 1192 1752 scriptionis
1223 1677 1288 1732 ter-

150 1755 258 1818 miuus
288 1760 367 1818 esto.
413 1754 572 1837 Quicquid
603 1761 709 1818 autem
741 1776 896 1835 nugarum
921 1756 953 1818 in
978 1760 1139 1836 posterum
1162 1754 1203 1818 ad
1228 1774 1288 1818 nos

152 1839 408 1915 deblateraveris,
439 1841 470 1903 id
499 1840 644 1903 Mutiano
681 1840 772 1915 Rufo,
806 1840 927 1903 homini
959 1841 1041 1904 iuter
1071 1841 1190 1922 primos
1214 1840 1288 1903 doc-

153 1926 291 2002 tissimo,
317 1924 487 1988 videndum
513 1923 681 2001 exhibebo,
705 1925 832 2006 atejus
856 1926 914 1987 viri
934 1925 1090 2008 judicium
1113 1924 1297 2005 intelligas,-

156 2032 219 2092 quo
254 2011 292 2073 de
323 2014 450 2074 tantum
486 2010 547 2074 tibi
584 2010 750 2092 polliceris.
805 2010 881 2073 Vale
914 2016 951 2075 ut
983 2011 1124 2075 meritus.
1181 2010 1289 2074 Pridie

154 2096 287 2160 Kalend.
312 2094 404 2158 Mart.
430 2095 523 2159 Anno
547 2094 661 2159 non0.“

256 2180 359 2257 Vides,
387 2180 620 2261 jucundissime
652 2180 803 2256 Mutiane,
833 2184 989 2260 quantum
1020 2202 1069 2242 me
1100 2185 1215 2260 urgeat
1237 2181 1289 2244 in-

151 2287 249 2330 sanus
273 2266 453 2330 homuncio.
502 2266 572 2329 Non
597 2270 723 2329 moveat
744 2269 786 2339 te,
811 2266 894 2345 quod
919 2265 1085 2329 mendacia
1101 2286 1151 2329 me
1166 2265 1288 2329 dixisse

151 2353 319 2434 scriptitat.
366 2351 444 2432 Ego,
468 2352 561 2414 deum
595 2356 705 2429 testor,
741 2352 933 2431 quiescerem
969 2351 1190 2426 libentissime,
1226 2353 1287 2414 nisi

151 2458 278 2517 cogerer
311 2435 351 2500 ad
389 2457 437 2499 me
470 2436 713 2500 defendendum.
770 2435 818 2499 Tu
852 2457 925 2498 vero
959 2436 1112 2517 quicquid
1141 2436 1288 2516 jusseris.

152 2522 304 2604 quiequid
339 2521 509 2598 mandaris,
545 2522 669 2585 faciam.
716 2521 778 2585 Sed
807 2527 843 2584 ut
870 2544 920 2584 me
950 2522 1028 2584 deus
1062 2528 1157 2598 amet,
1188 2523 1217 2585 si
1248 2522 1289 2585 ad

152 2610 311 2688 integrum
337 2608 433 2670 scires
448 2619 461 2646 ‘⁴
484 2629 585 2670 meam
609 2608 838 2679 innocentiam,
866 2605 1079 2671 exhortareris
1101 2629 1151 2671 me
1174 2612 1289 2670 contra

153 2694 357 2776 pumilionem
383 2693 480 2755 istum
504 2693 575 2774 plus
598 2714 700 2774 aequo
723 2692 922 2755 maledicum.
968 2691 1083 2755 Crotus
1107 2696 1216 2755 noster
1233 2693 1289 2755 rix

154 2780 215 2842 lert
251 2778 389 2842 hominis
426 2778 593 2841 insaniam.
654 2777 735 2853 Quid
776 2799 848 2841 vero
887 2777 1135 2841 humanissimus
1179 2782 1290 2840 noster

154 2863 361 2928 Heribordus'
399 2863 504 2941 faciet,
537 2863 591 2926 ubi
626 2863 703 2926 haec
737 2862 900 2926 rescierit?
952 2863 1095 2940 Videsne,
1129 2867 1287 2945 quantum

153 2971 186 3013 se
204 2956 236 3012 et
251 2971 308 3013 sua
328 2949 438 3030 jactet,
466 2970 523 3012 nos
547 2948 724 3029 despiciat?
768 2948 858 3024 Quod
876 2964 934 3027 ego
953 2969 1115 3029 nunquam
1140 2947 1287 3025 facerem,

156 3034 314 3098 curditum
339 3056 372 3097 se
395 3035 566 3115 praedicat.
612 3035 693 3109 Quid
719 3033 856 3097 hominis
880 3035 933 3109 sit,
958 3056 1043 3096 nuuc
1070 3035 1207 3116 primum
1231 3055 1288 3096 ex·

156 3122 266 3203 perior.
312 3119 428 3182 lterum
453 3125 553 3183 testor
576 3120 668 3182 deum
694 3118 914 3195 immortalem,
938 3119 1086 3200 injuriam
1112 3118 1188 3181 mihi
1211 3119 1290 3183 iacit

156 3206 339 3269 maximam.
385 3204 456 3267 Non
481 3204 597 3268 offendi
622 3205 791 3268 hominem.
837 3205 961 3267 Invidet
983 3204 1073 3282 mihi,
1096 3224 1192 3285 quom
1221 3205 1289 3285 jam

155 3292 251 3355 altius
275 3289 445 3353 attollerer.
491 3291 621 3353 Miseret
644 3290 771 3353 Petrum
803 3290 1003 3370 ignorantiae
1033 3310 1131 3353 meae.
1178 3287 1237 3365 Tu,
1260 3291 1289 3353 si

155 3399 204 3440 me
237 3398 335 3444 amas,
368 3377 513 3439 miserere
544 3377 591 3439 tui
618 3377 829 3448 conterranei,
859 3376 914 3458 qui
937 3375 1055 3456 injuste
1089 3375 1289 3456 deprimitur,

155 3468 187 3527 et
220 3462 296 3544 quid
325 3462 503 3524 iaciendum
537 3460 612 3524 nihi
638 3464 680 3525 sit
703 3462 846 3539 rescribe,
875 3466 907 3524 te
931 3463 1026 3524 etiam
1059 3469 1156 3540 atque
1191 3462 1288 3524 etiam

156 3568 241 3628 rogo.
289 3546 362 3610 Vale
396 3568 497 3628 usque
525 3555 556 3610 et
579 3568 680 3626 usque
711 3547 797 3620 felix,
830 3547 1014 3610 charissime
1043 3545 1226 3623 illutiane,b
1257 3552 1292 3609 et

155 3632 288 3697 Hessum
313 3636 413 3706 tuum,
438 3638 581 3695 atcerte
605 3631 692 3709 lacis,
716 3653 796 3694 ama.

260 3717 379 3793 Quarto
403 3717 512 3780 Nonas
538 3718 629 3780 Mart.
655 3717 747 3780 huno
771 3716 810 3779 M.
837 3716 872 3778 D.
898 3737 990 3779 nono.

879 3801 1031 3865 thauus
1055 3800 1183 3865 Hessua.

310 3903 370 3956 Cod.
390 3903 469 3957 Basil.
490 3904 519 3955 G.
538 3903 551 3956 Ι
570 3903 610 3956 25.
631 3903 657 3955 F.
677 3903 752 3954 t-e.
773 3903 932 3970 ,tutograpln

156 4043 362 4051 -———·—-

225 4139 239 4166 e
252 4124 328 4178 scies.
400 4123 536 4178 bclruriss
555 4122 621 4175 hiat.

156 4209 269 4263 mancho
295 4208 406 4277 Mtngel.
443 4208 492 4261 Die
521 4207 654 4271 Bucolica,
681 4207 744 4259 weit
770 4206 932 4259 rollandeter
955 4206 994 4259 als
1020 4206 1067 4258 das
1084 4204 1231 4274 Bisherige,
1250 4223 1292 4259 er-

156 4279 365 4415 zeglrlierfiornffit
392 4276 491 4329 Horbst
520 4276 594 4329 1509.
667 4275 748 4328 ¹Seit
771 4276 838 4328 Nor.
861 4275 927 4328 1508
946 4274 1045 4329 Lehrer
1061 4274 1087 4326 in
1106 4275 1292 4341 Georgenthal.
