2774 4966
358 624 464 678 Mutian
482 641 516 679 an
535 626 634 683 Urban.
677 626 768 682 Urbau
788 641 821 680 arr
840 624 975 680 Kaumler.
1171 628 1236 694 295

107 823 169 865 non
194 801 306 878 solum,
330 801 385 866 sed
408 807 483 866 tuae
506 800 679 864 involutam
710 800 849 865 traderes
876 801 1043 883 legendam
1076 799 1233 868 Matthiae

106 887 240 952 nostr0.¹
287 886 340 951 Sic
374 888 513 951 desidiae
546 909 634 950 meae
669 887 809 950 consulo.
855 886 932 951 Sum
967 887 1050 951 enim
1086 888 1174 969 piger
1201 895 1234 956 et

103 975 225 1038 tardus.
271 975 306 1036 ln
331 995 427 1038 causa
450 981 498 1037 est
522 974 612 1037 cibus
628 973 808 1050 stultorum,
826 996 865 1037 ne
882 974 957 1056 quid
973 973 1101 1056 gravius
1118 975 1231 1039 diuam.

106 1060 205 1124 Stulti
228 1067 313 1135 sunt,
342 1064 426 1123 carte
453 1060 554 1136 stulti,
582 1060 636 1141 qui
665 1060 844 1141 praeteritis
877 1060 973 1124 lautis
1007 1058 1141 1124 edundis
1174 1063 1232 1126 ob-

105 1148 206 1210 soniis
222 1146 396 1226 raphanum
415 1150 446 1209 et
463 1147 598 1219 etodibsdr
614 1146 775 1208 devorant.
810 1146 870 1222 Qui
886 1147 970 1229 sapit
986 1152 1018 1210 et
1033 1147 1232 1222 stomachum

103 1233 210 1307 habet,
235 1234 313 1295 mire
336 1234 503 1296 cruciatur.
550 1230 611 1294 Sed
636 1231 738 1295 famae
761 1231 1000 1311 consulendum,
1033 1233 1129 1297 etiam
1161 1257 1232 1299 oum

103 1320 218 1383 salutis
242 1319 441 1394 detrimento,
466 1320 611 1399 quamvis
635 1318 722 1381 bardi
754 1318 889 1382 salutem
918 1319 1037 1401 jejunio
1067 1328 1230 1401 quaerant.

104 1405 151 1469 Tu
186 1407 260 1469 forti
291 1407 333 1469 sis
366 1407 472 1468 animo
501 1408 532 1466 et
559 1405 681 1480 audaci,
717 1405 872 1468 neminem
908 1406 956 1468 vel
990 1407 1230 1472 nasutissimum

104 1494 310 1576 pertimescas
328 1491 485 1555 lectorem.
520 1490 600 1553 Nam
614 1492 693 1554 satis
706 1492 864 1554 munditer
878 1492 990 1556 scribis
1003 1499 1035 1554 et
1047 1493 1231 1558 doctissimo

104 1580 222 1661 poteris
260 1578 453 1653 satisfacere,
491 1577 557 1640 sive
592 1576 762 1658 Capnioni²
803 1579 868 1639 sive
907 1578 1080 1660 Agricolae.
1127 1579 1231 1644 Unum

104 1666 233 1729 verbum
269 1666 388 1729 excidit
420 1664 480 1729 tibi
517 1662 733 1745 „apostatare“
770 1686 832 1727 uon
868 1665 1077 1746 probandum,
1109 1667 1233 1730 sedita

103 1751 190 1833 loqui
215 1752 354 1826 volebas,
380 1756 416 1815 ut
440 1756 513 1833 apte
537 1751 665 1813 diceres.
711 1749 777 1831 Ego
802 1771 928 1830 quoque
953 1753 1080 1815 usitatis
1104 1753 1230 1817 interim

104 1844 184 1914 utor,
210 1844 246 1901 ut
268 1838 437 1918 intelligar.
483 1836 569 1900 Tuus
601 1837 653 1900 ille
677 1837 789 1899 iterum
813 1837 903 1900 exsul
936 1843 1071 1901 nonest
1094 1839 1232 1904 desertor

103 1925 258 2001 coenobii,
296 1925 351 1988 sed
388 1923 493 1987 indice
528 1929 559 1986 et
597 1923 735 1986 delatore
773 1922 953 1986 Herebordo
993 1924 1084 2006 (proh
1122 1931 1231 1990 sancte

103 2011 228 2094 Jupiter
239 2013 259 2091 l)
284 2011 398 2074 cecidit
421 2016 452 2073 et
474 2008 621 2072 Durorrii³
645 2009 842 2090 majestatem
866 2009 1007 2074 offendit.
1055 2010 1120 2092 Ego
1137 2013 1231 2076 miror

104 2104 227 2161 tantam
260 2098 359 2179 patris
390 2097 600 2160 severitatem.
648 2096 707 2158 ulii
735 2094 818 2158 ultro
851 2095 1002 2160 deliciunt
1025 2120 1044 2160 a
1067 2098 1175 2177 regula
1199 2104 1231 2162 et

104 2190 209 2248 errant
233 2191 270 2247 ut
299 2183 436 2264 fugitivi,
471 2182 549 2245 alios
583 2182 685 2262 abigit
720 2186 820 2262 pater,
853 2204 932 2263 quos
968 2183 1008 2245 ob
1044 2185 1230 2247 modestiam

104 2271 254 2352 amplecti
287 2270 424 2332 deberet.
469 2268 517 2332 lta
540 2269 667 2331 taudem
692 2268 746 2330 liet
769 2268 840 2345 (sim
865 2267 964 2333 falsus
994 2268 1168 2351 propheta),
1194 2277 1230 2334 ut

105 2380 214 2440 aspere
251 2355 410 2419 multetur.
457 2354 536 2417 Nam
572 2360 604 2417 et
636 2354 690 2436 qui
723 2360 950 2431 remanserunt,
988 2356 1167 2420 baubantur
1199 2363 1232 2422 et

106 2444 248 2508 lacerant
269 2464 372 2506 mores
397 2463 460 2504 non
484 2441 637 2505 ferendos.
684 2440 795 2505 Saluta
818 2440 996 2505 Hallensem
1022 2443 1190 2508 nostrum*

261 2545 322 2599 coa.
340 2544 406 2597 nu.
423 2543 484 2627 lere.

108 2734 224 2803 (noua.)
633 2718 704 2782 238.
997 2734 1037 2802 (a.
1055 2733 1126 2789 naa
1145 2737 1229 2806 rora.)

457 2845 582 2916 Urbau
606 2865 653 2913 arr
678 2844 883 2914 Kauruler.⁶

105 2977 206 3042 (Bitlel,
227 2975 348 3028 llutr'uus
367 2975 448 3041 Bries
460 2992 497 3027 uu
515 2973 639 3057 slyrabolu
661 2992 692 3025 ru
712 2974 855 3041 altapetra.
888 2974 1039 3043 Ertlr'uurrq
1052 2975 1135 3028 seirres
1147 2993 1229 3029 recrwu

514 3043 632 3094 Aturricus
652 3043 824 3111 ll'ulotuppu.)

183 3160 335 3210 Matthiae
356 3159 543 3218 calokappa,
562 3171 668 3209 earum
687 3172 764 3218 quae
783 3159 882 3210 libero
900 3161 1023 3210 homine
1042 3158 1153 3220 dignae

293 3249 366 3294 eunt
384 3246 497 3295 artium
514 3245 662 3306 magistro
681 3246 814 3307 egregio,
832 3246 872 3296 Η.
891 3246 1046 3296 Urbanus.

208 3355 240 3420 S.
286 3356 420 3434 lllirariS,
445 3378 501 3419 nec
518 3356 644 3437 injuria,
662 3357 737 3438 quid
754 3357 872 3421 sithoc
888 3379 995 3420 recens
1011 3357 1070 3420 tibi
1088 3358 1228 3420 alliot-um

104 3443 324 3522 tributumque
360 3443 557 3507 vocabulum.
611 3443 678 3525 Ego
712 3444 739 3506 si
772 3465 849 3521 erro,
886 3444 1021 3506 libenter
1058 3465 1124 3507 erro
1158 3464 1229 3505 cum

104 3531 170 3592 viro
206 3530 375 3612 praeclaro.
422 3530 478 3592 Cui
511 3531 556 3592 sio
585 3530 624 3591 ad
658 3552 704 3592 mu
736 3530 871 3592 scribere
906 3530 1037 3610 placuit:
1074 3529 1229 3610 ,Urbana

105 3620 193 3697 pater
224 3615 434 3690 sanctissime,
465 3616 639 3697 scripturus
663 3616 702 3678 ad
727 3621 871 3679 nostrum
906 3616 1094 3697 Agricolam,
1129 3616 1229 3678 virum

104 3723 227 3765 summo
259 3702 396 3782 ingenie,
431 3702 582 3783 singulari
614 3702 767 3773 (lontrina,
799 3703 970 3765 humanum
995 3707 1026 3764 et
1048 3702 1230 3781 eloquentia

105 3789 305 3870 perpolitum,
330 3788 420 3851 dabis
442 3788 550 3850 literas
574 3789 697 3851 cuidam
720 3786 875 3850 lllattbiae
899 3786 1082 3870 Calokappa
1111 3787 1230 3850 Bratis-

104 3874 255 3937 laviensis
288 3874 476 3946 dioeceseos,
511 3875 680 3955 professori
718 3875 888 3948 literarum,
922 3875 976 3955 qui
1011 3895 1113 3937 coram
1152 3873 1229 3936 mibi

105 3961 198 4024 fidem
225 3967 256 4023 et
281 3960 531 4023 benevolentiam
564 3982 637 4041 erga
660 3983 709 4023 me
732 3983 820 4023 suam
845 3961 920 4023 data
943 3961 1055 4023 dextra
1086 3958 1230 4041 promisit

104 4052 136 4110 at
160 4047 284 4111 videtur·
311 4046 416 4109 uultus
447 4048 623 4110 eruditione
652 4047 808 4109 ronrana.“
857 4045 918 4110 Sed
950 4048 1024 4128 quia
1048 4054 1157 4109 notum
1181 4052 1230 4110 est

103 4133 235 4197 verbum
274 4134 352 4213 ,tria
391 4134 495 4215 kappa
533 4131 714 4211 pessima“,⁶
755 4140 832 4216 puto
866 4131 1044 4195 lllutiauum
1078 4132 1228 4214 quiddam

103 4239 267 4247 ——---.-
275 4240 284 4243 ..

174 4269 334 4322 ¹Kaurnle1·.
353 4270 413 4321 Vor.
435 4269 475 4320 ΒΥ.
530 4272 540 4300 ‘⁴'
561 4268 643 4320 llrielo
664 4269 765 4321 Urbana
783 4285 814 4320 au
834 4268 962 4321 ltcuclrlirr
976 4285 1023 4321 aus
1041 4269 1100 4321 darn
1118 4268 1141 4322 J.
1162 4269 1228 4322 1513

103 4339 161 4392 sind
181 4339 246 4391 zwei
267 4340 386 4403 bekannt,
405 4339 477 4390 einer
495 4339 557 4389 kurz
577 4356 623 4389 ror
643 4338 683 4389 22.
703 4340 777 4404 Aug,
797 4339 1117 4391 uer-anaorov.15.ukt.
1148 4336 1229 4389 Beide

104 4408 224 4461 beliuden
251 4408 306 4461 sich
333 4409 358 4459 in
383 4408 469 4459 dieser
496 4406 649 4474 Sarrnnlmrg
668 4407 713 4460 Nr.
733 4409 789 4459 uu.
809 4410 867 4459 ala.
904 4407 979 4459 Naelr
1006 4407 1096 4473 obiger·
1122 4405 1229 4474 rogabo

104 4494 177 4530 muse
196 4476 285 4530 Urbau
304 4477 385 4530 sehon
404 4477 493 4528 lriiber
504 4477 682 4542 ,gaesaream
704 4477 795 4528 haben.
832 4477 885 4528 llas
904 4477 938 4526 W
940 4485 979 4528 ort
992 4482 1136 4543 apostatare
1150 4475 1230 4527 tlmlet

102 4547 160 4599 sich
184 4546 211 4598 in
229 4545 332 4598 keinenr
356 4547 402 4598 der
426 4546 580 4597 bekannten.
661 4546 741 4597 ”Iler
766 4545 824 4598 Aba
849 4544 874 4598 S.
897 4546 944 4597 rua
971 4548 1001 4596 A.
1023 4547 1047 4599 1.
1118 4544 1229 4612 ltss'seorg

103 4615 225 4738 Osmunl}
246 4614 423 4736 alienigena
443 4614 548 4734 ‘lllllt
568 4615 591 4666 2.
665 4614 751 4683 ³Vgl.
776 4614 818 4666 diu
841 4614 895 4667 droi
922 4631 974 4668 ror.
994 4614 1047 4681 ar,
1075 4612 1143 4668 auch
1164 4613 1229 4666 iiber

102 4685 232 4755 AgI'lOO·
302 4683 354 4736 μ.
374 4685 473 4737 l-Jlrl.
511 4725 517 4736 .
