2774 4966
372 659 480 730 lintion
499 691 533 728 an
550 657 679 728 Herboni.
714 673 819 728 Matisa
837 689 871 728 an
890 660 989 728 Urhan.
1179 669 1240 740 371

120 839 259 914 inscribe
288 847 535 931 supereminenti
566 849 669 930 spatio
695 847 791 910 verba
819 846 907 925 haec,
938 869 1019 929 quae
1048 852 1237 932 sequuntur:

124 935 324 1017 ,Herebordo
363 933 562 1016 philosopho,
599 935 743 997 oratori·
779 937 811 996 et
843 934 1059 1014 jureconsulto
1089 933 1239 1000 Gerlaous

118 1022 310 1103 Margaritus
334 1020 559 1102 Leoburginsb
583 1020 809 1084 vicedominus:
833 1019 898 1083 filio
915 1025 947 1084 et
962 1019 1108 1084 familiari
1126 1020 1240 1085 biblio·

117 1109 226 1172 thecae
250 1107 401 1171 militaria
431 1108 523 1187 signa
546 1106 591 1168 vir
614 1106 784 1187 singularis
816 1108 907 1188 quasi
940 1107 1134 1170 sollemniter
1164 1129 1239 1171 con-

119 1195 281 1276 spicienda
305 1193 496 1275 proposuit.“
545 1191 630 1254 Nihil
653 1191 741 1266 adde,
766 1192 843 1255 nihil
867 1192 1003 1256 detrahe.
1050 1192 1154 1256 Patris
1173 1215 1239 1257 am-

120 1280 200 1344 bitio
223 1280 342 1362 gaudet
364 1278 578 1342 ostentatione
595 1285 625 1340 et
642 1299 754 1360 pompa
778 1278 942 1341 verborum
966 1279 1117 1342 inanium.
1157 1278 1240 1343 Con-

119 1368 202 1430 cisus
226 1366 349 1441 titulus,
372 1364 426 1427 sed
450 1365 650 1427 examinatus
673 1364 771 1446 proba
795 1364 918 1446 regula;
942 1365 1058 1441 aridae,
1075 1365 1129 1428 sed
1145 1386 1239 1429 succo

121 1474 181 1516 non
217 1474 337 1515 carens.
383 1449 417 1514 Si
452 1451 611 1512 inflareris
645 1456 745 1513 utrem
771 1456 806 1512 ut
828 1451 946 1531 turgidi
978 1451 1076 1532 patris
1099 1451 1240 1517 tumidus

118 1539 211 1616 lilius,
245 1539 304 1600 erie
339 1538 370 1599 ni
406 1536 496 1599 fallor
528 1536 676 1599 omuibus
710 1536 890 1600 deridiculo.
943 1537 1010 1613 Quo
1040 1536 1100 1600 tibi
1135 1537 1239 1602 inanis

118 1624 239 1705 gloria?
284 1621 381 1686 Crede
405 1622 492 1698 mihi,
515 1622 570 1703 qui
594 1643 626 1684 se
649 1626 743 1698 aurat,
768 1622 948 1703 negligitur,
971 1628 1003 1685 et
1018 1622 1239 1703 prudentiores

120 1710 245 1775 dicunt:
279 1709 362 1772 unde
392 1713 520 1789 repente
551 1707 643 1771 nobis
672 1709 732 1770 iste
760 1705 898 1772 Graecus
920 1712 952 1771 et
975 1707 1127 1773 Scaevola
1158 1729 1237 1774 mer·

121 1797 263 1860 cenarius
286 1794 437 1858 emersit?
482 1795 545 1856 Cur
561 1814 637 1874 puer
653 1793 771 1856 attollit
787 1792 996 1858 Catonianum
1015 1794 1239 1876 supercilium?

121 1881 348 1963 Intempestive
371 1880 545 1943 dominatio
569 1880 636 1942 sine
660 1880 843 1961 municipali
859 1880 1008 1962 suffragio
1027 1902 1088 1944 non
1106 1880 1240 1963 proficit,

120 1969 174 2032 sed
199 1968 313 2031 deficit.
360 1965 405 2029 Ne
422 1965 498 2028 velis
515 1964 675 2046 superbire
692 1971 723 2028 et
740 1987 848 2047 puram
865 1967 1082 2049 sinceramque
1097 1967 1240 2049 gloriam,

120 2076 216 2138 quam
239 2053 378 2116 studium
403 2055 435 2114 et
456 2051 645 2114 verecundia
676 2052 767 2132 parit,
796 2053 857 2115 ista
885 2058 940 2115 tua
968 2052 1124 2134 jactantia
1152 2053 1241 2118 velut

121 2143 239 2222 impetu
264 2138 383 2201 turbidi
407 2137 546 2200 fluminis
570 2137 779 2218 exstinguere.
834 2137 916 2214 Quid
944 2139 1073 2221 prodest
1099 2140 1130 2201 in
1162 2140 1240 2217 loro,

121 2228 152 2290 in
181 2227 275 2302 curia,
305 2225 336 2286 in
366 2223 495 2286 libraria
527 2245 594 2286 sese
627 2223 760 2305 clipeare
789 2244 825 2286 ac
856 2224 939 2288 bona
966 2223 1147 2306 dilapidare,
1177 2246 1240 2289 non

120 2311 291 2396 providere,
316 2310 393 2391 quid
415 2309 477 2372 dici
509 2310 609 2390 possit
637 2315 667 2372 et
694 2309 795 2373 soleat
825 2310 856 2372 in
885 2311 1120 2374 ostentatores?
1163 2310 1240 2375 Esto

122 2420 241 2481 gnarus
263 2396 382 2479 opellae
405 2394 549 2472 forensis,
573 2395 676 2458 saluta
700 2395 839 2473 comiter,
857 2394 973 2461 fastum
991 2397 1125 2473 remitte,
1142 2418 1244 2480 popu·
1360 2451 1366 2460 .

121 2484 258 2548 latitatis
281 2481 452 2545 studiosior
475 2502 570 2562 quam
587 2480 744 2560 gloriolae.
785 2481 869 2545 llaec
885 2487 1051 2566 praecepta
1070 2483 1118 2546 vel
1134 2485 1242 2566 potius

124 2570 367 2633 adhortamenta
392 2576 541 2652 perpetuo
565 2566 624 2629 tibi
647 2572 721 2630 ante
743 2567 853 2631 oculos
869 2575 901 2633 et
916 2570 948 2632 in
965 2573 1113 2652 promptu
1135 2573 1241 2634 sunto.

126 2656 259 2719 Rectum
284 2659 332 2716 est
354 2653 413 2716 hoc
432 2653 597 2735 judicium,
622 2675 660 2715 ne
683 2652 788 2716 forsan
812 2676 851 2717 ex
873 2654 1045 2736 Pyrrhonis
1067 2655 1188 2719 haeresi
1211 2660 1244 2721 et

128 2740 260 2823 ignobili
278 2740 344 2803 otio
361 2739 556 2802 demanasse'
576 2738 635 2801 tibi
652 2739 849 2820 persuadeas.
887 2740 952 2805 Nos
968 2741 1046 2804 satis
1062 2740 1100 2804 ad
1118 2741 1242 2806 laudem

125 2829 226 2891 lacere
260 2826 459 2898 arbitramur,
494 2825 578 2905 quod
614 2831 645 2886 te
683 2824 913 2907 philosophum,
952 2829 1116 2905 oratorem,
1149 2828 1244 2910 juris-

124 2915 270 2997 peritum,
303 2917 423 2992 patrem
458 2932 531 2973 vero
565 2911 665 2973 virum
697 2912 886 2991 singularem
922 2911 1126 2995 appellamus
1180 2912 1242 2978 Sed

124 3000 214 3081 plura
248 2998 394 3061 tribuam.
441 2997 475 3059 ln
504 2996 589 3059 calce
618 2997 789 3078 spectaculi
813 2999 859 3062 tui
883 2998 1052 3076 constitue,
1081 3000 1107 3063 si
1130 2999 1243 3081 placet,

128 3087 220 3149 hosce
245 3084 323 3147 duos
347 3104 468 3145 versus:

273 3169 480 3252 ,biargaritos
503 3168 652 3231 decorant
675 3167 845 3232 castrensia
868 3169 961 3251 signa
983 3172 1088 3238 leones

323 3260 355 3317 et
377 3254 473 3317 studii
497 3256 588 3317 testis
611 3254 712 3335 gloria
733 3259 823 3337 parta
846 3254 942 3318 loro.“

230 3341 471 3405 absolutissima
504 3341 583 3413 laus,
616 3341 717 3403 altera
751 3340 834 3417 belli,
869 3343 967 3407 altera
1003 3346 1108 3426 pacis;
1145 3346 1244 3411 altera

126 3429 252 3511 equitiS,
276 3427 375 3491 altera
398 3428 531 3490 oratoris
555 3426 700 3490 consulti.
744 3425 882 3509 Utraque
897 3431 1053 3494 confluxit
1066 3431 1100 3494 in
1117 3431 1243 3497 domum
1274 3497 1278 3504 ,

128 3522 225 3578 tuam.
285 3514 482 3594 Quapropter
526 3513 671 3594 energiae
715 3512 841 3595 plenum
881 3515 1016 3596 elogium
1054 3516 1179 3595 habeto,
1217 3519 1244 3582 si

126 3602 270 3681 superius
293 3599 410 3662 tradita
433 3619 575 3679 respuas:

478 3683 579 3763 ,Ense
602 3683 711 3765 patris,
735 3684 807 3746 stilo
830 3684 885 3747 lilii

475 3775 566 3850 parta
588 3769 674 3850 genti
699 3769 854 3832 claritas.“

231 3856 321 3919 Nunc
354 3856 482 3919 tandem
515 3856 581 3918 vale
605 3861 637 3918 et
659 3856 818 3918 laureatus
848 3856 1008 3939 triumpha
1042 3858 1123 3923 inter
1155 3879 1244 3940 pom·

128 3943 234 4026 patina
256 3942 381 4015 fercula,
406 3942 504 4024 clipeo
528 3941 656 4005 militari
679 3941 827 4024 praelato.
872 3940 938 4004 llll.
963 3941 1027 4006 Cal.
1052 3943 1138 4026 Sept.

281 4042 341 4094 i'od.
362 4042 427 4095 l‘rcl.
447 4041 503 4094 352.

128 4179 243 4247 (notua)
650 4162 721 4226 300.
1003 4181 1043 4235 aa.
1063 4184 1127 4250 sug.
1147 4183 1244 4253 (rma).

498 4273 638 4343 Mation
664 4293 712 4343 an
735 4272 872 4343 Urhan.

127 4387 173 4452 (U.
192 4386 241 4437 soll
257 4385 312 4436 siz-h
333 4386 381 4436 anit
399 4386 490 4452 eristun
515 4384 605 4452 alopen
630 4385 796 4453 almannum.
819 4402 874 4437 aras
899 4386 944 4438 der
968 4386 1059 4438 lllieler
1080 4389 1124 4441 des
1144 4389 1245 4442 Homer

128 4457 250 4508 Dietnrur
264 4454 372 4520 peleus!
389 4456 441 4511 hul.
460 4456 517 4506 ιιιιιὶ
536 4455 653 4507 darnart
670 4455 712 4506 die
731 4455 902 4522 Alnnnrhunp
914 4456 1014 4508 iindcru
1024 4457 1133 4524 datrscn:
1149 4460 1245 4526 Spaha-

197 4580 300 4698 lllr'h.
325 4575 547 4697 einhiahiisihiriih
574 4646 627 4698 und
654 4645 826 4699 aweitelhaite
853 4645 1027 4714 Behauptung
1052 4645 1100 4701 sei.
1135 4646 1251 4716 Pyrrho,

127 4713 257 4767 eleiscber
274 4712 424 4780 Philosoph,
443 4713 585 4782 Sheptiter.
623 4717 677 4767 hus
695 4715 743 4768 den
763 4714 880 4783 hdagicn
897 4715 947 4768 des
960 4713 1104 4769 hrasuxus„

986 4785 1061 4848 *hh*
