2774 4966
423 40 429 71 l

413 39 1383 245 ⁸-

163 607 226 669 625
504 600 557 653 Der
576 600 721 668 gedruoktc
743 569 934 656 Brieluecbsal

164 776 291 856 dignam
324 774 514 855 judicareris
550 774 662 836 ceteris
700 773 879 855 quibusque
916 775 1109 838 doctissimis
1147 777 1295 857 patribus

165 861 280 942 quibus
311 860 409 922 Roma
440 860 531 940 plena
555 866 613 934 est,
639 861 803 940 praecipue
836 882 907 922 vero
935 862 1206 925 reverendissimis
1235 865 1294 927 rlo-

165 948 258 1011 minis
293 947 370 1008 meis
403 945 534 1008 Senensi
570 951 602 1007 et
637 945 849 1008 Alexandrino
884 947 1099 1009 cardinalibus
1134 949 1294 1029 impartiri

166 1035 274 1114 possis
332 1031 403 1095 Vale
438 1055 475 1093 ex
513 1032 653 1093 Bononia
692 1032 758 1093 llal.
800 1032 912 1094 Juniis,
969 1033 1058 1095 Anno
1094 1032 1215 1097 Christi
1251 1037 1292 1098 M.

164 1115 278 1170 CCCCC.
296 1115 329 1169 ΙΙ.

266 1199 411 1253 (encardia
430 1204 503 1251 curta
504 1215 577 1251 oruru
597 1204 623 1250 et
641 1200 690 1250 siat
680 1204 748 1250 trum
768 1200 980 1252 nuudicantium.
1011 1204 1122 1253 t'arurcn
1141 1201 1290 1278 clrgiaeum

268 1269 425 1336 deplangens
449 1268 649 1319 discortdiame
668 1269 853 1320 dissensionem
883 1269 1082 1321 christianorum
1108 1271 1293 1339 cujuscunque

266 1343 350 1391 status
368 1337 501 1405 diguitatis
520 1345 564 1388 aut
582 1338 666 1402 prole
662 1336 754 1390 sionis
775 1341 829 1390 ls
832 1338 872 1390 .l
892 1348 957 1389 cta.
977 1354 992 1390 a
1010 1338 1059 1390 ,414

165 1527 255 1578 notua.
688 1511 761 1574 om.
1093 1529 1113 1579 4.
1133 1525 1192 1580 eka
1215 1528 1290 1580 isos.

501 1637 644 1707 Mation
668 1656 715 1706 an
738 1635 945 1706 Rencblin.¹

164 1762 373 1829 (Beer-andernaci
392 1783 438 1816 ron
458 1766 600 1817 4444444444·
619 1765 660 1817 ua
661 1766 747 1816 lanus
760 1765 881 1817 4144444444.
917 1766 964 1817 llu
967 1765 1024 1818 44444
1034 1766 1102 1817 4444444·
1110 1767 1191 1818 4444444
1202 1767 1290 1832 44444444

161 1851 279 1899 pernes
260 1833 402 1885 llerwblr'ns
419 1834 611 1900 lberrndsclmll
633 1852 676 1900 prs
666 1835 746 1885 4444444.
783 1835 915 1900 4444444144
938 1835 1111 1887 4444444444
1099 1835 1156 1886 asin
1176 1823 1290 1889 44444444.

162 1903 297 1954 derbem
326 1901 448 1959 4444444444,
479 1903 601 1955 7444444444
631 1903 685 1953 und
710 1902 754 1953 4444
783 1855 913 1954 4444444414
908 1903 1033 1955 affl-alara·
1052 1903 1121 1969 [Bos
1112 1904 1219 1971 ¹c'llrus]
1241 1923 1290 1956 corr

167 1970 276 2022 Hirsnu.
313 1969 443 2022 4444444444
460 1972 534 2035 uu‘rd,
554 1989 607 2023 irus
596 1971 707 2022 siuns
725 1971 861 2038 brprmucn,
880 1973 1016 2025 rollerulen.
1054 1971 1121 2023 444444
1145 1989 1194 2024 4444
1217 1975 1291 2025 .4’4444

163 2039 373 2105 444444444444.)
410 2039 771 2107 44444444444444444444144.
794 2043 864 2093 1514.
884 2042 901 2093 14
920 2042 970 2094 ab.
1007 2040 1045 2094 lli.
1064 2041 1113 2092 rir.
1132 2058 1191 2108 epp.
1212 2041 1221 2093 l
1240 2045 1288 2096 aa.

165 2108 230 2162 Clur.
251 2109 297 2159 air.
317 2125 373 2175 opp.
393 2110 424 2161 ad
444 2109 473 2160 R.
496 2108 568 2160 1558.
586 2109 645 2161 654)
663 2128 700 2175 sq.
739 2108 838 2176 berger.
857 2110 966 2163 ltennhl.
985 2110 1088 2162 Rriefn'.
1109 2112 1135 2161 S.
1153 2111 1189 2162 83
1208 2112 1224 2162 l'.

164 2297 324 2364 Strassburg.
686 2283 758 2345 4458.
1067 2299 1104 2351 43.
1129 2297 1191 2352 [lez.
1215 2300 1291 2351 1504.

543 2407 658 2477 Wolt²
682 2428 730 2478 an
752 2408 905 2477 Mutina.

164 2536 230 2601 (Hel
258 2536 379 2588 llulr'uns
407 2535 557 2604 nu'ua'uarp
584 2555 641 2589 rona
671 2537 731 2589 Tude
757 2538 840 2590 44444444·
868 2537 983 2589 4344444444·
1007 2537 1129 2589 4444444444.
1166 2537 1243 2589 44444
1264 2555 1291 2588 cr

329 2605 374 2657 4444
390 2605 554 2672 plea'elm'n'p
571 2606 619 2657 44444
640 2606 690 2656 Tul
706 2608 777 2658 ciues
795 2606 911 2658 Braulers
931 2623 965 2656 ru
982 2605 1120 2672 bcllopcn.)

192 2719 325 2769 Thomas
342 2720 519 2779 Vuolphius
536 2721 648 2770 Junior
667 2719 708 2770 d.³
726 2720 834 2770 doctor
852 2721 993 2770 Mutiano
1011 2719 1102 2770 Rufo.
1122 2720 1152 2770 S.
1170 2720 1206 2770 P.
1225 2721 1267 2770 D.

271 2831 443 2914 Epistulam
468 2837 555 2896 tuam
579 2834 616 2895 dc
640 2833 729 2896 obitu
762 2833 866 2896 fratris
888 2834 936 2896 tui
960 2832 1047 2913 legi.⁸
1091 2832 1126 2894 lu
1151 2854 1188 2894 ea
1212 2833 1289 2903 vidi,

168 2917 198 2978 id
223 2918 305 2997 quod
329 2925 386 2993 est,
416 2919 592 2982 blutianum
624 2920 691 2981 sine
722 2920 935 2982 controversia
965 2940 1033 2981 esse
1064 2917 1290 3000 philosophum

168 3005 339 3066 maximum
363 3013 393 3066 et
417 3010 572 3071 oratorem
597 3007 776 3069 maximum.
823 3004 869 3067 Ex
893 3003 1152 3087 philosophorum
1169 3004 1290 3066 scholis

167 3095 198 3153 et
220 3089 368 3172 graphice
400 3097 431 3153 et
462 3091 576 3154 diserte
610 3089 711 3154 multa
744 3092 846 3168 affers,
879 3113 960 3172 quae
995 3113 1055 3154 non
1090 3090 1290 3152 mediocriter

165 3174 284 3238 faciant
300 3177 337 3239 ad
358 3177 414 3240 mit
401 3177 548 3256 tandosig
565 3176 687 3239 dolores
703 3177 862 3258 animique
879 3177 1042 3258 passiones
1060 3176 1289 3273 propellendas

167 3261 307 3326 Fortuna
329 3262 526 3326 acerbaet
483 3264 629 3361 trniqna
652 3263 758 3326 eodem
786 3262 873 3325 vultu
878 3265 989 3339 ,truci
1012 3263 1082 3325 dico
1105 3271 1137 3325 et
1160 3263 1289 3335 minaci,

166 3370 223 3411 uos
246 3350 393 3430 respexit
441 3349 506 3428 Ego
530 3351 611 3412 eninr
636 3349 742 3412 eodem
766 3371 866 3447 paene
888 3354 1037 3430 tempore,
1067 3370 1128 3445 quo
1159 3360 1290 3496 emptus

166 3443 214 3496 est
200 3435 331 3497 t'lrtaer
361 3443 444 3505 tuus.
475 3457 576 3497 maarn
611 3456 736 3516 quoque
770 3436 862 3497 amisi
895 3434 1048 3510 fratrem,
1073 3436 1126 3514 qui
1158 3441 1189 3496 et
1219 3434 1289 3514 ipse

162 3521 230 3600 jure
265 3523 429 3584 consultus
463 3521 531 3594 fuir,
567 3521 659 3583 bomo
695 3523 813 3599 ingenii
846 3522 964 3584 vivacis
988 3522 1095 3601 etqui
1130 3522 1287 3582 neminem

165 3608 196 3669 in
221 3610 305 3669 omni
330 3609 396 3670 vita
419 3607 545 3670 laeserit
567 3608 659 3669 etiam
687 3606 861 3670 lacessitus.
900 3606 980 3670 Mira
996 3607 1057 3668 fuit
1073 3608 1104 3669 in
1121 3628 1157 3669 eo
1175 3606 1287 3668 libcra-

166 3692 249 3769 litas
286 3694 362 3756 mira
397 3695 547 3776 probitas.
605 3692 776 3774 Cujusdam
813 3693 949 3756 bominis
983 3691 1120 3755 malivoli
1157 3693 1289 3774 pertidia

167 3779 242 3842 duct
229 3788 281 3842 tus
304 3789 353 3843 est
375 3781 406 3842 iu
433 3779 712 3842 melancholiam.n
758 3779 803 3840 Ex
828 3802 863 3841 ea
886 3780 998 3842 incidit
1022 3778 1162 3841 morbum
1189 3779 1288 3839 iuter·-

166 3867 288 3928 cutis
281 3887 486 3948 aquaeque
521 3866 633 3928 deiude
671 3866 872 3927 acerbissime
909 3874 1018 3946 rrtrpus
1055 3875 1111 3926 est.
1170 3864 1288 3927 llicunt

232 4084 245 4110 4
260 4068 448 4121 Melaneoliam.

235 4136 529 4205 ¹2ururrurungrg1.
544 4137 673 4203 erigor,
694 4134 722 4189 R.
742 4135 843 4187 Brieln.
862 4136 887 4188 S.
905 4137 973 4187 8.·’.44
1028 4136 1078 4186 ²i
1080 4135 1113 4202 gl
1133 4136 1157 4189 S.
1176 4136 1287 4190 4442

166 4208 217 4258 und
238 4207 279 4258 Br.
298 4208 338 4260 93.
375 4206 447 4258 Uber
471 4155 512 4258 diga
536 4157 754 4270 einsclilageuden
774 4204 952 4257 l'r'crlriltnisse
973 4205 1097 4257 rornnise
1116 4205 1159 4256 iclr
1178 4206 1288 4259 auida

165 4276 305 4343 gediogeuo
327 4275 407 4327 llerk
432 4291 482 4327 rou
506 4274 638 4326 Char-les
662 4273 825 4334 Schmidt,
851 4273 963 4326 Histoire
981 4274 1022 4326 liu
1012 4275 1106 4326 terune
1124 4275 1156 4326 do
1173 4273 1190 4324 4
1194 4274 1289 4326 llsace

165 4349 213 4398 ete.
235 4344 291 4397 Par.
314 4342 976 4398 lmaterude.111sclcliaalips-86.1391
1000 4344 1065 4396 iilur
1091 4342 1174 4394 ll'olls
1152 4343 1287 4395 ltebcu

166 4415 216 4465 und
238 4414 366 4465 Sclrrilteu
386 4412 524 4478 gelrandelt
543 4412 811 4463 rri1·‹l.insbesondare
830 4412 863 4477 ΙΙ,
884 4414 915 4463 il
935 4431 971 4478 sq,
1027 4416 1037 4443 ³
1108 4412 1286 4464 llocretnruru.

203 4487 208 4514 ⁸
228 4483 319 4534 llieser
338 4481 377 4534 Br.
399 4484 430 4532 ist
449 4482 521 4532 nictit
540 4480 665 4532 erbalren.
696 4480 809 4532 Marinus
823 4479 930 4534 Bruder.
944 4483 1036 4533 44444444
1049 4481 1101 4533 'Pari
1116 4497 1145 4531 cr·
1164 4482 1287 4544 4444444444,

163 4567 213 4608 'rar
231 4555 281 4607 der
296 4553 442 4609 llessiscbe
463 4549 582 4606 lianaler.
647 4554 657 4582 ⁵
679 4550 855 4616 arnaudum
873 4550 915 4603 ⁶20.
937 4556 998 4616 ilua.
1021 4553 1091 4603 lsrdl.
1129 4550 1287 4612 Schmidt,

184 4625 201 4680 l.
220 4624 258 4696 11,
283 4628 322 4682 74.
