2774 4966
541 589 646 645 Mutina
666 607 699 644 an
719 588 818 645 Urban.
1206 589 1248 657 93

123 766 266 834 mordent
292 765 460 832 lucernarii
494 786 589 830 canes
616 769 648 829 et
677 765 775 829 vitam
805 785 843 827 ac
872 784 974 828 mores
1003 768 1087 841 tuos,
1117 769 1155 830 ut
1176 770 1251 830 s'unt

125 855 257 928 dicaces,
281 854 448 916 verborum
471 851 647 934 petulantia
661 863 675 891 ⁸
697 852 869 931 lacessunt,
891 857 1036 915 occurrat
1051 851 1110 914 tibi
1127 852 1252 915 christi-

125 963 185 1005 ana
206 940 362 1004 fortitudo
386 945 417 1002 et
440 938 603 1002 humilitas
625 937 833 1020 redemptoris
864 939 963 1000 nostri
992 943 1024 1000 et
1052 940 1249 1020 potissimum

126 1027 282 1091 mitissimi
312 1026 401 1089 ducis
431 1025 475 1089 tui
500 1025 619 1088 ordinis
642 1024 837 1088 admirabilis
861 1024 1027 1087 tolerantia
1051 1031 1082 1087 et
1106 1046 1252 1088 mansue-

127 1113 211 1176 tudo.
236 1113 293 1176 Sin
311 1117 416 1175 autem
434 1119 464 1173 te
481 1112 669 1194 perniciosib
683 1110 863 1173 adulatores
881 1111 1093 1187 reverendum,
1112 1111 1250 1184 doctum,

127 1199 336 1281 ingeniosum,
376 1198 571 1280 prudentem,
617 1208 773 1272 sanctum,
816 1195 987 1259 humanum
1033 1197 1250 1270 salutaverint,

128 1285 208 1348 dices
223 1306 294 1348 cum
313 1283 481 1368 propheta:
510 1283 597 1363 „Non
621 1283 721 1353 nobis,
738 1283 792 1344 sed
810 1283 929 1345 nomini
946 1290 1001 1345 tuo
1018 1283 1057 1345 da
1073 1283 1249 1364 gloriam“,'

130 1371 281 1453 deumque
297 1370 414 1447 orabis,
439 1377 474 1433 ut
496 1369 554 1432 tias
570 1390 606 1433 eo
625 1370 749 1450 diguus,
766 1369 849 1449 quod
866 1369 926 1431 tibi
950 1369 1109 1433 tribuitur.
1145 1368 1252 1433 Stulta

132 1458 303 1521 mortalitas
327 1462 421 1540 putat
443 1456 563 1538 aliquid
587 1477 654 1518 esse
678 1455 898 1535 magistratum
918 1456 947 1516 in
970 1456 1122 1519 coenobio
1146 1478 1252 1537 gerere

133 1548 163 1606 et
183 1543 241 1607 frui
265 1543 457 1624 imaginaria
480 1545 646 1625 potestate.
700 1541 782 1604 Hinc
809 1541 998 1604 oboriuntur
1024 1543 1253 1606 aemulationes

135 1634 164 1692 et
183 1630 260 1694 odia.
313 1629 400 1694 Satis
442 1628 603 1692 commode
637 1630 768 1708 agerent
801 1628 883 1690 inter
916 1648 949 1690 se
983 1627 1130 1692 cucullati
1167 1629 1252 1711 magi

138 1721 273 1797 essetque
308 1716 375 1779 vita
410 1735 514 1778 eorum
551 1714 659 1797 procul
696 1712 818 1776 dubio⁰
851 1713 952 1776 tutior
987 1736 1024 1777 ac
1054 1714 1191 1794 beatior,
1224 1716 1253 1779 si

139 1801 268 1886 exemplo
303 1805 444 1865 veterum
475 1800 587 1883 spiritu
623 1800 724 1880 magis
747 1820 841 1880 quam
865 1820 959 1862 carne
980 1800 1123 1865 viventes
1145 1802 1253 1865 omnia

142 1886 224 1965 dicta,
245 1888 340 1962 facta,
364 1888 506 1969 cogitata
527 1887 568 1950 ad
590 1885 682 1949 deum
711 1885 871 1948 referrent.
917 1885 1017 1963 Unde,
1046 1887 1195 1969 quicquid
1220 1888 1252 1951 in

143 1974 221 2037 terris
241 1974 315 2037 boui
340 1994 453 2036 nomen
478 1972 584 2048 habet,
609 1971 697 2034 velut
720 1995 757 2034 ex
781 1971 938 2035 uberrimo
970 1972 1064 2036 fonde
1096 1974 1253 2038 demanat.

145 2055 210 2122 tiam
237 2064 436 2142 praeceptum
467 2059 584 2122 domini
612 2058 749 2121 lucidum
778 2057 886 2121 oculos
922 2061 1036 2122 mentis
1069 2060 1252 2123 illuminaus

147 2144 197 2206 duo
216 2145 307 2210 habet
330 2147 451 2227 capita:
481 2151 516 2206 ut
540 2145 629 2206 deum
655 2165 741 2205 ames
764 2150 794 2206 et
819 2143 962 2206 homines
979 2145 1062 2208 sicut
1084 2152 1115 2207 te.
1139 2146 1251 2228 ipsum.

150 2229 201 2293 llos
231 2233 313 2296 coelo
347 2238 380 2293 et
414 2231 594 2294 hominibus
629 2229 803 2310 jucundum
843 2231 1024 2316 institutum
1069 2233 1250 2296 coelestium

151 2337 232 2380 rerum
254 2341 309 2383 nos
333 2318 413 2381 facit
436 2318 613 2400 participes.
655 2316 737 2378 Haec
753 2320 801 2378 est
817 2315 868 2378 lex
885 2317 1039 2380 naturalis
1056 2340 1118 2380 nou
1136 2320 1254 2400 scripta

151 2400 177 2462 iu
195 2407 286 2468 saxeis
309 2403 430 2468 tabulis
454 2409 489 2466 ut
512 2402 661 2478 Mosaios,
686 2422 747 2464 nou
771 2402 803 2463 in
839 2423 892 2464 aes
926 2403 1026 2466 incisa
1055 2410 1092 2467 ut
1113 2426 1253 2482 romana,

153 2509 202 2550 uon
221 2489 361 2554 chartisd
384 2496 440 2552 aut.
465 2489 655 2552 membranis
677 2487 838 2569 impressa,
862 2488 915 2550 sed
939 2510 958 2552 a
981 2489 1108 2554 doctore
1131 2513 1254 2554 summo

153 2575 273 2640 cordibus
307 2577 426 2642 nostris
460 2575 573 2638 infusa.
630 2573 719 2636 Hanc
754 2574 985 2637 memorabilem
1020 2581 1052 2639 et
1085 2577 1254 2641 salutarem

154 2661 346 2727 eucharistiam
375 2661 520 2745 quisquis
553 2661 691 2731 devorat,
723 2660 801 2721 satis
834 2662 883 2741 pie
910 2683 973 2723 rem
1008 2662 1147 2726 divinam
1178 2663 1254 2726 tecit

155 2742 220 2809 lelici
234 2752 367 2832 unguine
385 2750 539 2830 signatus.
567 2745 646 2808 Nam
663 2745 835 2809 Palaestini
853 2748 938 2810 senis
954 2748 1075 2811 oblatio
1092 2761 1105 2788 ²*
1122 2752 1254 2832 mystica

155 2836 234 2896 estet
254 2859 356 2900 verum
382 2833 499 2897 Christi
522 2853 635 2915 corpus
658 2832 686 2895 h.
711 2854 737 2895 e.
762 2854 869 2914 pacem
894 2838 926 2896 et
949 2836 1147 2899 concordiam
1173 2857 1254 2919 pane

156 2919 183 2976 et
203 2920 262 2985 vino
284 2925 373 3004 tegit.
429 2921 492 2984 Nec
515 2919 579 2982 ulla
611 2926 715 2998 potest
748 2940 816 2980 esse.
848 2920 988 2983 sanctior
1020 2921 1125 2985 hostia
1158 2944 1254 3004 quam

158 3008 242 3068 mutua
261 3011 385 3073 caritas.
431 3007 542 3087 ltaque
566 3005 669 3068 nullae
693 3025 800 3085 preces
824 3006 954 3068 suntin
983 3007 1156 3072 christiana
1182 3008 1254 3071 reli-

156 3086 228 3165 gione
255 3093 400 3158 clariores
434 3115 526 3175 quam
561 3091 633 3153 illae
664 3091 909 3166 vetustissimae,
946 3114 1025 3173 quas
1053 3095 1103 3156 die
1127 3095 1254 3157 Veneris

157 3183 258 3243 sanctae
279 3202 334 3262 pro
357 3179 514 3242 universis
537 3178 686 3258 gentibus
710 3176 841 3239 ecclesia
864 3178 978 3255 fundit,
1003 3203 1041 3243 ne
1065 3182 1103 3243 iis
1127 3182 1252 3262 quidem

157 3262 273 3342 exclusis,
302 3268 356 3348 qui
385 3288 425 3328 ex
457 3264 600 3328 confesso
634 3268 708 3326 sunt
743 3263 862 3339 hostes,
895 3273 931 3328 ut
965 3268 1067 3329 omnis
1103 3267 1254 3335 homines,

157 3355 280 3424 quantum
314 3355 345 3416 in
382 3351 473 3414 uobis
506 3356 564 3423 est,
606 3350 721 3411 divinis
762 3349 865 3412 verbis
899 3373 1118 3428 corrvocemus‚
1162 3354 1255 3433 longe

157 3429 327 3517 benigniores
359 3438 498 3507 ludaeis,
533 3437 586 3518 qui
618 3458 655 3498 ue
688 3435 768 3497 viam
799 3436 924 3516 quidem
949 3439 1171 3503 aberrantibus
1195 3439 1255 3502 nisi

156 3520 206 3583 suis
227 3530 276 3588 aut
304 3525 424 3588 fontem
452 3523 636 3587 sitientibus
664 3527 853 3585 monstrant.
900 3524 1037 3599 Quorum
1070 3533 1189 3607 quanta
1213 3527 1255 3589 sit

157 3610 237 3673 nescio
257 3611 453 3693 impudentia
470 3610 572 3673 dicam
591 3631 630 3671 au
649 3608 807 3682 inscitia,⁸
822 3631 860 3670 ex
878 3631 913 3671 eo
932 3613 1130 3694 patet,q110d
1148 3613 1257 3675 dicant

156 3687 248 3760 Christi
264 3719 407 3781 corpusa
422 3695 586 3777 discipulis
601 3720 616 3756 e.
633 3694 774 3775 sepulcro
789 3705 801 3732 ⁶
818 3695 1015 3760 subtractum
1028 3699 1110 3762 inter
1126 3698 1255 3762 frutices

155 3784 179 3837 et
196 3781 295 3848 herbas
318 3787 414 3848 fuisse
438 3783 609 3853 conditum,
634 3781 759 3843 landem
786 3784 889 3844 missis.
906 3784 1160 3866 exploratoribus
1185 3807 1256 3868 pro-

157 3872 293 3936 curatione
307 3884 321 3912 ·
344 3869 470 3954 publica
487 3873 653 3950 repertum.
693 3867 798 3929 illinus
816 3869 977 3949 desipiunt
1001 3870 1256 3935 Maumethcuses

153 3951 304 4035 etlurcae,
325 3959 380 4040 qui
402 3956 590 4019 cavillantur
615 3975 675 4016 nou
702 3974 807 4015 verum
834 3951 992 4019 Christum
1011 3960 1094 4021 cruci
1111 3960 1255 4033 affixum,

152 4041 192 4103 sul
218 4044 308 4108 alium
344 4044 534 4126 quempiam,
568 4041 621 4121 qui
657 4039 783 4101 (thrisro
818 4040 913 4102 fuerit
948 4065 1097 4124 perquam
1133 4048 1254 4110 similia,

153 4123 274 4194 ltelertur
299 4132 359 4194 hoc
383 4153 400 4192 a
424 4128 562 4192 hlarsilio
593 4126 700 4188 Ficino
731 4126 760 4187 in
792 4147 828 4187 eo
857 4128 1025 4207 volumine,
1049 4133 1133 4211 quod
1158 4156 1257 4214 nuper
1309 4148 1314 4154 '

150 4208 313 4296 Spalatinus
345 4213 446 4278 emit-,²
500 4214 571 4276 Nou
604 4212 681 4274 adeo
717 4212 830 4273 diversi
858 4215 1009 4279 recedunt
1038 4219 1078 4279 ah
1107 4221 1255 4301 opinione.

150 4299 393 4366 doctissimorum.
440 4299 557 4363 Scribit
581 4299 662 4360 euim
689 4297 873 4361 hurbrosius
897 4300 1033 4365 l'ilatum
1053 4326 1114 4366 non
1139 4307 1256 4368 vidisse

147 4407 234 4453 rerum
268 4384 453 4452 Christum.³
511 4384 568 4449 Hic
606 4384 687 4457 nolu,
723 4384 806 4462 quod
842 4408 990 4451 arcanum
1026 4413 1092 4453 esse
1128 4393 1260 4469 (lebet,f

196 4526 245 4579 *ei
262 4530 294 4578 st.
314 4525 342 4578 ti.
396 4520 564 4591 bpernitiosi.
618 4516 820 4586 cproculdubio.
877 4523 1011 4578 decanis,
1083 4529 1255 4597 sgepulflhm·

141 4595 249 4650 ‘debeat
268 4593 345 4648 tera.
596 4657 601 4667 ι
868 4657 872 4662 .

199 4664 265 4720 ¹Ps.
286 4665 346 4731 115,
367 4665 389 4719 1,
462 4660 472 4693 ¹
490 4658 529 4712 De
548 4659 637 4711 chnst.
655 4655 700 4710 rol.
720 4654 758 4708 1⁸2.
830 4658 840 4688 ⁸
859 4660 957 4714 t'omm.
977 4665 1009 4716 ad
1021 4664 1084 4721 Luc.
1104 4666 1171 4737 Opp.
1190 4666 1261 4735 RS.
