2774 4966
157 655 218 722 162
526 654 614 709 Briele
631 671 682 709 von
701 655 881 710 1508—1509.

156 825 291 892 tandum
324 825 484 906 relinquit,
521 824 653 907 Digesta
683 830 789 890 tenere
821 827 957 890 mediam
992 829 1113 908 partem
1147 822 1291 907 corporis

160 911 303 992 legitimi.
349 909 414 971 Fac
447 911 544 991 igitur
568 915 603 972 ut
626 915 732 993 partes
755 916 787 974 et
810 912 950 973 membra
973 916 1005 973 et
1028 909 1129 972 frusta
1160 907 1294 990 colligas

160 998 191 1060 in
226 1016 322 1058 unum
359 995 451 1074 quasi
486 1016 609 1074 corpus
645 997 737 1057 etsi
772 1003 880 1057 venter
915 996 995 1057 male
1030 994 1136 1065 habet,
1175 993 1294 1055 adhibe

159 1079 347 1156 remedium;
363 1081 501 1140 tormina
518 1085 549 1141 et
566 1081 790 1159 stranguriam,
804 1081 1043 1161 gonorrlroeam,
1062 1080 1267 1160 dyspnoeam,
1281 1088 1295 1115 ⁸

159 1166 285 1241 tussim,
317 1162 473 1226 stomachi
504 1164 643 1236 morbos,
679 1165 803 1227 dolores
836 1166 980 1239 laterum,
1014 1165 1087 1226 item
1124 1163 1294 1243 pulmonis,

159 1250 262 1321 lienis,
292 1248 451 1328 jocineriS,
487 1270 607 1323 renum,
640 1249 875 1324 intestinorum,
911 1248 1078 1312 ventriculi
1111 1270 1201 1322 sana,
1234 1249 1295 1310 hoc

162 1340 211 1399 est
234 1354 332 1417 prava
354 1333 484 1412 corrige.
530 1332 640 1413 Neque
663 1333 694 1396 id
718 1334 821 1396 solum
851 1334 957 1407 facitu,
983 1334 1037 1396 sed
1061 1333 1162 1396 multo
1194 1335 1296 1414 magis

162 1421 203 1484 ad
220 1417 360 1498 agendas
384 1439 507 1492 causae,
524 1418 563 1480 ad
581 1420 815 1500 componendas
839 1418 989 1482 formulas
1006 1426 1037 1480 te
1054 1439 1138 1498 para.
1177 1417 1296 1480 Parum

163 1504 293 1588 prodest.
316 1523 417 1577 nosse,
442 1502 676 1582 thymelicumb
698 1503 879 1583 significare
902 1504 1100 1578 histrionem,
1132 1503 1295 1583 xysticum

163 1588 327 1663 athletam,
354 1586 587 1668 designatorem
611 1586 804 1668 praefectum
834 1589 979 1651 ludorum
1011 1587 1201 1658 funebrium,
1233 1587 1297 1650 nisi

164 1672 364 1754 respondere,
389 1694 507 1747 cavere,
537 1693 627 1734 orare
650 1673 731 1735 scias
754 1679 786 1735 et
808 1675 1025 1754 pragmaticus
1049 1675 1079 1735 in
1104 1673 1240 1735 vafritiis
1265 1677 1300 1734 et

163 1763 234 1822 astu
260 1757 426 1820 dominari.
475 1756 674 1837 Henniugus'
694 1758 777 1820 enim
802 1763 834 1820 et
857 1757 1037 1821 consimiles
1053 1757 1135 1820 hanc
1153 1764 1296 1820 nostram

166 1843 363 1906 literaturam
389 1842 534 1904 derident
561 1845 714 1922 tanquam
739 1842 876 1922 ineptias
899 1848 931 1905 et
952 1844 1128 1906 otiosorum
1160 1841 1299 1906 fabulas.

165 1929 283 1991 Dicunt
312 1926 395 1989 enim
420 1927 458 1989 de
482 1949 540 2002 me,
564 1926 601 1988 de
624 1936 656 1989 te
679 1939 711 1990 ct
735 1926 917 2009 Spoletino:
950 1929 1010 1998 ..es
1038 1929 1076 1989 iat
1106 1932 1156 1989 bar
1180 1928 1300 2001 intirim.

166 2034 230 2094 quo
261 2012 347 2075 dicto
377 2011 607 2074 subinsinuant
638 2011 714 2074 nihil
748 2034 805 2075 nos
835 2014 915 2075 scire
939 2034 1041 2074 rerum
1065 2011 1238 2075 forensium
1264 2017 1299 2073 et

166 2098 331 2173 bonarum,
355 2101 480 2159 tantum
506 2097 683 2178 pertinaces
706 2119 775 2159 esse
800 2098 831 2158 iu
855 2098 968 2170 verbis,
994 2096 1072 2159 nihil
1097 2118 1155 2159 nos
1178 2095 1301 2159 distare

166 2205 185 2246 a
222 2181 390 2263 theologis,
435 2181 496 2243 nisi
534 2181 618 2261 quod
657 2203 721 2244 non
761 2182 891 2246 omnino
936 2181 1069 2244 barbare
1111 2182 1301 2262 garriamus.

168 2268 334 2330 Praeterea
367 2270 482 2329 vocant
513 2266 655 2346 ignavos,
687 2267 829 2341 stolidos,
861 2267 1007 2349 illepidos
1031 2272 1071 2340 et,
1095 2267 1147 2329 cni
1169 2286 1299 2330 omnem

166 2351 416 2416 obscoenitatem
448 2352 552 2413 inesse
583 2356 708 2432 putant,
742 2357 861 2432 poetas.
916 2351 1036 2431 Vulgus
1071 2351 1154 2414 idem
1189 2351 1301 2412 sentit.

166 2437 269 2513 Quare
293 2457 355 2499 non
379 2438 442 2498 ista
466 2437 497 2497 in
523 2435 668 2498 Beroaldi
703 2435 982 2501 annotationibus²
1020 2436 1179 2515 explicata
1215 2437 1302 2498 tanti

166 2523 275 2599 facias,
299 2527 335 2583 ut
358 2520 416 2584 lori
439 2524 471 2582 et
495 2521 596 2584 litium
629 2522 836 2584 obliviscaris.
882 2522 1007 2584 Primus
1041 2520 1159 2601 gradus
1187 2525 1234 2583 est
1269 2521 1304 2582 in

167 2606 252 2671 civili
281 2605 433 2668 facultate
463 2605 570 2667 rimari
598 2607 717 2687 scripta
752 2607 970 2670 consultorum
994 2612 1026 2669 et
1048 2607 1112 2668 vim
1145 2605 1304 2686 cujusque

168 2694 255 2756 vocis
278 2691 464 2771 intelligere,
487 2692 647 2755 secundus
669 2690 809 2774 profiteri
830 2692 892 2772 jue,
918 2692 1111 2771 respondere
1134 2690 1306 2755 consulen-

167 2779 266 2847 tibus,
290 2776 365 2839 stilo
388 2777 446 2852 uti,
475 2777 591 2838 tertius
613 2782 646 2839 et
668 2799 834 2859 supremus
868 2778 1003 2839 oratoris
1038 2777 1128 2856 fungi
1161 2797 1304 2850 munere,

169 2863 254 2943 quod
278 2865 385 2943 potest
409 2860 552 2924 homines
576 2862 622 2924 vel
648 2861 788 2943 plebcjos
811 2862 850 2924 ad
875 2883 950 2942 opes
974 2867 1006 2923 et
1029 2863 1162 2942 gloriam
1194 2859 1304 2941 splen-

171 2949 341 3026 doremque
378 2947 557 3026 provehere.
612 2947 671 3008 llic
708 2968 769 3009 non
804 2952 869 3009 tam
905 2946 1051 3009 latinitas
1087 2946 1171 3008 valet
1205 2965 1305 3024 quam

173 3031 341 3094 vernacula
374 3030 542 3106 calliditas„
566 3052 629 3094 uon
654 3038 719 3094 tam
744 3032 878 3094 scientia
906 3054 1002 3112 quam
1030 3031 1203 3102 temeritas
1238 3051 1304 3093 non

172 3125 237 3180 tam
275 3116 416 3198 probitas
449 3138 544 3197 quam
579 3117 709 3179 malitia,
756 3116 804 3178 Ad
839 3139 886 3193 ea,
920 3118 947 3178 si
983 3117 1029 3179 vis
1063 3138 1131 3178 esse
1167 3115 1306 3195 aliquid,

171 3201 383 3281 cogitationes
407 3201 514 3282 dirige.
561 3201 668 3263 Nostri
693 3224 810 3275 versus,
836 3207 961 3264 nostrae
985 3202 1175 3276 sententiae,
1193 3207 1308 3262 nostra

172 3286 363 3349 emblemata
385 3286 462 3366 quid
484 3286 569 3348 aliud
594 3292 670 3348 suut
693 3309 787 3368 qnam
811 3287 933 3349 flosculi
965 3288 1073 3359 diales
1105 3287 1160 3367 qui
1193 3285 1307 3348 eodem

172 3375 332 3435 momento
370 3371 484 3433 florent
516 3375 547 3433 et
579 3373 692 3434 arent?
750 3373 938 3451 Henningus
977 3394 1049 3434 vera
1087 3373 1138 3433 via
1179 3371 1306 3433 nititur.

173 3457 265 3520 Hunc
300 3457 431 3518 imitare.
488 3455 652 3519 Mutiauus
690 3464 812 3537 praeter·
850 3458 974 3520 fabulas
1009 3463 1041 3520 et
1077 3456 1308 3518 monachorum

176 3541 293 3623 placita
328 3541 405 3603 nihil
440 3543 618 3623 praecipere
653 3549 766 3624 potest.
813 3541 926 3604 Verum
950 3542 1027 3604 haec
1059 3542 1147 3604 alias.
1193 3540 1312 3603 Servet

174 3634 206 3689 te
229 3626 437 3689 christianum
470 3627 640 3689 caduceum
675 3649 751 3689 crux
776 3627 932 3690 beatifica.
979 3628 1026 3689 lix
1050 3627 1158 3689 Gotha
1189 3625 1309 3688 MlllX.

119 3779 125 3786 ,
178 3711 342 3775 Matienus
365 3712 596 3791 grammatista.
619 3712 884 3793 philosophaster,
909 3714 1104 3775 decretorum
1127 3712 1310 3791 indagator.

178 3797 271 3859 llufer
294 3797 417 3871 titulos
441 3797 516 3877 quid
541 3799 704 3860 remanet?
729 3797 901 3859 blutianua

333 3912 394 3965 Cod.
413 3912 479 3964 iret.
500 3915 557 3965 141.

178 4033 383 4041 ——ffl—

246 4126 259 4153 ⁸
274 4114 442 4180 dypsoucaur.
514 4115 713 4182 bthynclicruu.

248 4198 254 4227 ¹
274 4200 370 4251 (tuedo.
400 4200 458 4266 Vgl.
478 4202 525 4252 das
547 4200 630 4253 Urtcil
648 4201 690 4255 ln.
713 4203 760 4252 125
780 4202 814 4263 (S.
830 4203 896 4266 liri).
950 4201 1007 4253 'ln
1019 4200 1105 4253 scinci·
1123 4201 1247 4266 Anagobe
1266 4203 1316 4257 des

179 4263 287 4316 Straton.
308 4266 382 4332 (lion.
404 4270 490 4336 llas),
509 4270 555 4320 auf
571 4269 620 4320 den
640 4270 705 4320 ohcu
726 4269 858 4320 rnelul'aclr
879 4269 968 4335 Bezug
986 4285 1140 4336 genouuneu
1160 4270 1233 4321 uir-d.
