2774 4966
546 622 652 677 Mation
669 638 703 677 an
721 623 822 678 Euhan.
1183 619 1246 685 537

118 794 212 859 hodie
235 794 356 860 Christi
377 794 559 876 tragoedias
575 796 607 858 iu
624 795 915 877 superstitiosorum
934 795 1028 875 nugis
1043 815 1114 877 ago.
1154 792 1247 857 Esset

119 881 219 963 magis
241 885 501 958 cousentaneum,
525 884 561 944 ut
585 881 623 943 de
645 879 836 945 auricularia
858 880 1058 943 confessione
1080 878 1246 944 consultus

117 967 348 1049 responderem.
394 964 456 1030 Sed
488 972 565 1029 nota
588 971 637 1028 est
659 965 799 1030 Senecae
829 967 934 1063 gravis
963 964 1023 1027 viri
1055 964 1245 1029 admonitio:

121 1050 229 1133 „Quod
260 1053 394 1115 tacitum
426 1052 576 1129 asseris,
605 1053 724 1115 nemini
759 1050 906 1115 dixeris.“
953 1050 1054 1133 Finge
1086 1073 1144 1115 nos
1179 1071 1248 1113 esse

117 1137 279 1201 auditores
314 1138 446 1201 istarum
481 1138 723 1215 mussationum,
755 1159 818 1201 non
849 1136 934 1200 aliud
958 1137 1116 1216 acciperes
1150 1156 1246 1216 quam

118 1221 197 1285 illud
232 1221 482 1305 psalmographi:
521 1221 700 1303 „Conserva
733 1223 946 1286 innocentiam
977 1226 1010 1286 et
1040 1222 1110 1286 vide
1138 1221 1247 1302 aequi·

117 1311 227 1383 tatem,
260 1309 411 1389 quoniam
446 1313 522 1371 sunt
554 1309 706 1389 reliquiae
736 1308 856 1372 homini
885 1307 1046 1389 pacifico.“
1093 1307 1186 1370 Nunc
1209 1305 1247 1370 de

120 1414 206 1456 aura.
253 1393 371 1456 Inflant
393 1400 435 1470 te,
459 1394 503 1456 mi
523 1392 664 1470 lichene,
681 1395 737 1475 qui
752 1394 801 1457 vel
817 1394 973 1457 medicum
991 1393 1040 1456 vel
1056 1392 1246 1458 advocatum

117 1478 240 1541 efficere
276 1478 457 1554 moliuntur,
491 1480 583 1561 quasi
617 1501 689 1542 vero
723 1479 850 1543 consilii
882 1501 975 1561 egeas
998 1483 1030 1542 et
1053 1500 1116 1542 non
1140 1477 1247 1560 potius

118 1563 240 1627 auxilii.
287 1563 334 1626 Ad
369 1585 495 1628 carmen
525 1586 558 1627 es
585 1569 690 1627 natus.
736 1565 846 1629 Musae
879 1563 981 1628 lorum
1016 1586 1080 1627 non
1114 1564 1246 1638 intrant,

119 1649 166 1713 vel
197 1650 225 1712 si
254 1649 387 1726 intrant,
423 1649 539 1713 bibunt
569 1652 601 1713 et
629 1649 759 1731 fugiunt
790 1650 892 1714 instar
926 1649 1013 1714 cauis
1034 1651 1068 1713 in
1093 1650 1245 1732 Aegypto.

117 1734 236 1798 Mederi
267 1755 341 1798 vero
374 1734 528 1799 morbosis
558 1735 637 1798 viles
667 1736 817 1818 empyrici
849 1735 953 1799 solent
975 1756 995 1798 a
1018 1733 1147 1799 Graecis
1170 1734 1248 1798 dicti

118 1810 323 1905 σκατοφάγοι
344 1821 364 1885 i.
389 1842 415 1884 e.
439 1820 578 1884 merdam
609 1820 811 1886 comedentes
837 1819 879 1885 ab
907 1821 977 1903 ipso
1007 1822 1147 1885 tractatu
1177 1821 1247 1885 lotii

118 1912 151 1970 et
173 1911 456 1970 excrementorum.
515 1906 583 1988 Ego
623 1906 792 1987 petendam
836 1927 938 1989 opem,
978 1927 1042 1970 non
1079 1906 1246 1971 consilinm

118 1991 310 2056 Hartmanni
333 1991 490 2056 existimo.
538 1991 586 2055 Ab
610 1992 730 2068 eodem,
754 1993 829 2074 quid
851 1993 883 2056 in
900 2002 993 2056 rem·
1014 1996 1102 2056 tuam
1120 1992 1247 2073 egerim,

117 2078 286 2158 intelliges.
331 2078 434 2141 Hasce
456 2077 565 2141 literas
587 2077 745 2141 combure.
790 2077 864 2142 Misi
879 2098 989 2142 recens
1004 2077 1118 2142 Euritii
1135 2098 1248 2160 poema

117 2163 157 2226 ad
181 2162 311 2227 Crotum
335 2185 404 2227 cnm
430 2163 489 2226 hoe
512 2185 581 2227 meo
604 2167 808 2245 argumento:

242 2248 381 2313 Lembus
403 2253 440 2313 ut
461 2248 602 2313 adversis
625 2249 761 2313 Cordum
787 2247 945 2313 defecerat
967 2249 1072 2326 undis,

286 2333 506 2419 Christophori
529 2334 658 2399 salicem
684 2336 873 2418 corripuisse
895 2335 1010 2399 ferunt.

242 2420 304 2485 Sed
328 2421 418 2485 trabe
442 2443 505 2485 non
530 2422 635 2502 potuit
658 2420 818 2484 madidam
841 2420 953 2485 fulcire
975 2421 1115 2484 ruinam:

283 2507 437 2572 auxilium
462 2505 576 2586 Cordo,
600 2506 655 2588 qui
677 2505 747 2585 tibi,
770 2507 873 2585 Patre,
895 2505 994 2570 tulit'

220 2590 304 2655 Vale.
349 2592 416 2656 IIll.
443 2590 509 2655 Cal.
534 2592 609 2674 Apr.

180 2758 185 2768 ·
271 2692 332 2747 Cod.
351 2691 417 2747 Frcl.
435 2691 496 2747 467.

117 2897 232 2966 (eona.)
645 2881 719 2946 473.
1057 2896 1142 2964 (spru
1161 2897 1248 2967 1515.)

492 3008 637 3080 Mutina
659 3029 709 3079 an
730 3008 872 3080 Euhan.

116 3139 265 3207 (Luunrpar
290 3138 397 3192 Berialrt
422 3138 487 3191 iiber
512 3138 590 3192 einen
615 3137 718 3192 Boeuct
733 3137 778 3191 dea
795 3136 916 3191 Delam
941 3137 1017 3191 nor.
1044 3136 1171 3191 Strrdiua
1194 3136 1252 3190 uad

115 3207 159 3261 dic
175 3208 218 3261 bei
232 3207 317 3260 dieser
343 3207 505 3275 Gelapenlrar't
544 3207 706 3260 manseron
729 3206 925 3274 Idittirklreitcn.
967 3206 1052 3260 Urteit
1074 3206 1138 3259 ictor
1160 3207 1250 3259 durren

116 3276 286 3330 dr'clrterr'eclre
304 3275 413 3329 Mcm'er
429 3277 488 3329 trad
532 3276 701 3342 mimarum
718 3275 802 3328 durch
827 3275 994 3342 Verquoben.
1028 3275 1104 3328 Versa
1121 3275 1163 3328 uls
1181 3274 1249 3327 Ane-

464 3344 602 3412 mortuus
614 3344 721 3397 Εοὸαιις
745 3343 899 3411 lorwiirse.)
1230 3363 1233 3367 ’

490 3457 568 3508 Eub.
586 3459 687 3509 Hesso
705 3458 749 3508 Μ.
767 3456 879 3509 Rufus.

222 3567 254 3631 S.
314 3568 462 3648 „Beatus
498 3568 553 3649 qui
588 3567 636 3631 rel
670 3567 815 3632 umbram
848 3567 942 3632 amici
979 3563 1123 3631 habet.“²
1179 3567 1250 3631 Vidi

116 3658 241 3734 poetam
268 3650 532 3734 Forojuliensem³
556 3659 588 3716 et
611 3655 722 3736 excepi
744 3654 943 3736 tractarique
966 3673 1117 3736 perquam
1134 3651 1250 3716 famili·

116 3739 221 3801 ariter.
267 3736 377 3813 Qualis
399 3739 516 3802 sermo!
561 3738 634 3802 Ille:
663 3737 758 3819 „Sum
782 3739 832 3802 tui
854 3739 992 3802 nominis
1015 3737 1188 3815 studiosus,
1212 3742 1249 3802 tu

118 3822 196 3886 mihi
235 3822 348 3903 places,
386 3846 455 3887 sum
495 3828 648 3907 perpetuo
686 3823 794 3899 tuus“‚
828 3831 861 3887 et
892 3823 1015 3906 reliqua
1052 3821 1250 3887 titillationis

186 4091 200 4118 ι
213 4092 248 4130 re.

119 4162 239 4231 aiehuug.
276 4163 311 4216 Es
330 4163 451 4216 haudelte
470 4165 528 4217 sich
546 4162 681 4216 vielleicht
698 4179 744 4214 um
762 4163 820 4215 eine
844 4160 1020 4230 Empfehlnng
1050 4161 1154 4214 Eobaus
1181 4158 1250 4212 nach

117 4229 198 4284 Pelen
226 4232 288 4284 oder
311 4231 426 4300 Ungam.
501 4232 628 4286 ¹Cordus
651 4231 724 4283 hatte
741 4231 767 4282 in
787 4230 888 4284 seinem
915 4228 1084 4283 Itinerarium
1112 4227 1250 4294 berichtet,

115 4299 176 4352 dass
195 4316 223 4352 er
241 4300 299 4353 sich
317 4302 364 4353 aul
379 4301 466 4354 seiner
483 4300 561 4354 Reise
587 4299 655 4352 uach
683 4299 729 4352 der
754 4298 863 4352 Heimat
889 4297 1085 4366 (Strutshausen
1113 4295 1139 4348 in
1167 4294 1249 4349 Ober-

115 4367 221 4434 hessen)
241 4385 291 4421 um·
308 4370 359 4421 wie
378 4368 461 4422 durch
487 4370 529 4421 ein
555 4367 675 4420 Wunder
700 4383 748 4420 aus
773 4367 819 4420 der
843 4364 1087 4435 angeschuolleneu
1116 4363 1250 4417 Schwnlm

132 4438 226 4489 erettet
236 4437 311 4491 habe.
339 4437 397 4505 Vgl.
408 4436 433 4490 S.
445 4437 494 4490 521
507 4439 536 4491 Α.
549 4437 589 4490 10.
644 4437 654 4468 ²
672 4434 749 4488 Nach
760 4434 804 4489 Br.
814 4434 918 4488 4800111
933 4433 1087 4503 Auasprnch
1100 4431 1249 4486 Plutarchs.

141 4504 175 4571 gl.
194 4504 265 4559 Plut.
284 4506 324 4558 De
342 4506 448 4558 amicor.
466 4505 580 4558 muttit:
599 4527 617 4556 ».
633 4544 659 4557 ..
678 4502 818 4557 laudamus
836 4503 1029 4557 adolescentem
1049 4501 1124 4554 illum
1142 4499 1250 4576 Meuan-

116 4572 164 4637 dri,
190 4573 236 4641 qui
254 4589 283 4627 se
308 4574 384 4627 valde
410 4573 533 4628 admirari
560 4574 597 4626 ait
626 4587 842 4642 unumquemque
869 4571 1014 4634 tonorum*
1034 4569 1084 4622 eui
1106 4568 1195 4620 ammi
1214 4565 1271 4616 sex

115 4641 209 4698 umbra
226 4641 367 4714 obtigeritc
437 4641 541 4704 'Ridi-
559 4639 687 4699 Sbrulius
704 4657 756 4700 aus
769 4635 954 4717 dompetram.
981 4633 1162 4707 *let-MR
1181 4625 1268 4679 m„
