2774 4966
418 39 1379 267 [ι’-

506 105 513 127 .

138 579 203 644 488
559 576 648 632 Briete
664 574 711 629 des
729 575 755 632 J.
775 575 849 632 1514.

141 706 257 839 (eiua.)
669 746 742 810 420.
1043 762 1085 816 ee.
1104 761 1175 830 sepa
1196 761 1276 816 1514.

517 872 663 943 Mutiau
685 893 735 942 an
758 870 898 943 Urban.

141 1003 249 1072 (Urbou
266 1007 347 1055 ailrru
365 1001 515 1070 creperi-der
539 999 833 1067 Vonm'irseunldsslieh
853 1001 899 1053 der
916 1000 1012 1054 Macar
1029 1000 1073 1052 des
1090 999 1214 1055 Mlius.
1242 1000 1279 1054 M.

140 1072 315 1142 beorupnoebt
341 1071 392 1123 das
419 1070 510 1132 Recbt,
537 1070 609 1122 aeine
635 1069 734 1121 Dimer
756 1085 794 1121 au
815 1070 924 1136 strofas.
967 1057 1035 1122 lber
1061 1067 1194 1122 Herborda
1221 1069 1279 1123 Aa

632 1139 780 1204 masana.)

180 1255 376 1304 Amicissimo
396 1252 535 1310 Urbano,
552 1253 620 1302 viro
639 1252 913 1312 compositissimae
932 1252 1114 1311 sapientiae,
1133 1250 1242 1302 sedet

481 1339 550 1388 auri
567 1337 746 1388 avidissimo
764 1339 808 1388 Μ.
826 1336 938 1388 Rufus.

248 1450 280 1514 S.
327 1448 422 1512 Doles
445 1453 477 1512 et
499 1449 709 1513 stomacharis
732 1449 843 1531 paucis
871 1448 1056 1512 stimulatus
1087 1446 1280 1511 vocabulis.¹

144 1533 193 1596 An
222 1534 332 1598 literae
363 1536 513 1598 dentatae
543 1540 619 1597 sunt
642 1539 699 1598 aut.
721 1535 885 1598 aculeatae
909 1540 965 1597 aut
987 1532 1105 1597 infesto
1129 1554 1281 1598 mucrone

145 1624 202 1683 aut
226 1625 397 1701 praeacuta
419 1620 549 1702 cuspide
565 1618 751 1684 horrentes?
797 1620 934 1683 Minime.
983 1619 1030 1682 An
1048 1619 1177 1699 ignoras
1193 1619 1281 1683 anti-

144 1725 207 1785 que
243 1705 378 1769 Matiani
410 1705 601 1769 institutei·
631 1704 750 1768 Credas
783 1706 893 1781 solere,
926 1727 1007 1786 quae
1041 1706 1170 1782 sentiat,
1206 1726 1280 1786 pro-

143 1789 242 1868 lerre3
277 1797 389 1874 sarapte
426 1795 539 1855 natura
574 1788 750 1866 constanS,²
775 1791 814 1853 ad
838 1796 924 1854 tuam
950 1796 982 1853 et
1004 1791 1139 1853 aliorum
1174 1795 1281 1854 muia-

146 1875 303 1939 bilitatem
334 1901 372 1940 ne
401 1878 504 1940 dicam
534 1876 694 1939 levitatem
725 1877 850 1939 interim
883 1876 1004 1955 aliquid
1035 1876 1201 1940 remittens
1231 1875 1280 1939 vel

144 1961 265 2025 addens
300 1962 421 2043 judicii.
477 1961 549 2025 Non
589 1963 715 2043 poterit,
754 1963 796 2025 mi
835 1961 970 2034 Urbane,
1010 1962 1105 2025 hodie
1143 1961 1279 2042 probum

144 2069 238 2129 agere
261 2047 404 2124 Publius,
437 2070 506 2111 cras
534 2046 746 2111 sceleratum?
792 2046 903 2111 Nonne
931 2048 1013 2110 alius
1040 2045 1213 2111 Schalbus⁸
1243 2048 1282 2111 de

147 2140 310 2197 momento
345 2134 376 2196 in
412 2132 630 2197 momentum?
675 2132 746 2196 Non
777 2132 858 2196 idem
892 2133 1090 2196 Democritus
1121 2133 1224 2197 intrat
1251 2139 1284 2196 et

143 2217 213 2281 exit
249 2217 391 2282 flume11.⁴
451 2218 518 2299 Ego
558 2218 723 2300 castigabo
763 2219 842 2282 istos
881 2228 976 2292 meos,
1016 2219 1121 2300 quoad
1160 2217 1280 2283 licebit.

145 2302 318 2368 Schalbum
344 2329 407 2368 non
431 2304 550 2387 recepi,
567 2304 708 2367 futurum
727 2309 852 2387 tempus
870 2305 1022 2380 invenies,
1040 2327 1101 2368 non
1121 2326 1283 2387 praeseus,

145 2412 208 2453 uon
235 2391 449 2472 praeteritum,
467 2391 642 2471 etquidem
660 2390 719 2453 sub
737 2391 929 2454 conditione.
976 2390 1037 2455 Sed
1056 2390 1134 2453 baec
1149 2390 1284 2472 nugalia

145 2484 223 2539 sunt
245 2480 282 2540 et'
301 2498 384 2541 more
416 2476 563 2540 foliorum
594 2476 736 2539 decidua.
783 2474 955 2539 Haliensis⁸
987 2475 1201 2540 Herebordum
1233 2477 1283 2540 in·

147 2560 302 2626 solentiae
325 2568 357 2626 ei
380 2563 555 2644 impietatis
578 2562 742 2643 arguebat.
790 2561 961 2644 Obstupui.
1010 2561 1100 2627 Unde
1131 2561 1283 2626 temleri

148 2649 274 2711 mores?
333 2648 476 2712 Offendit
513 2645 795 2728 Engelmannum,⁸
832 2648 931 2712 laedit
969 2645 1160 2712 Colionem.⁷
1221 2646 1281 2711 Cui

148 2733 275 2797 taudem
302 2739 409 2815 parcet
425 2733 479 2797 ille
497 2733 643 2815 petulans
661 2738 693 2795 et
708 2734 861 2798 effrenata
878 2735 1031 2797 lieentia?
1068 2733 1149 2798 Nolo
1167 2733 1282 2798 reddas

150 2839 235 2882 meas
268 2820 307 2883 ad
344 2843 414 2882 eum
450 2817 583 2883 literas⁸
629 2817 715 2882 Nihil
750 2820 933 2902 proficimus
971 2820 1166 2900 corrigendo.
1213 2818 1282 2901 Ego

148 2925 217 2969 sum
242 2907 364 2969 amicus
388 2906 678 2982 constantissimus,
703 2909 857 2987 utsupra
890 2906 967 2980 dixi,
995 2913 1150 2989 quantum
1175 2905 1207 2969 in
1231 2927 1282 2968 me

150 2998 206 3054 est.
254 2991 370 3056 Canem
396 2997 501 3056 lamen
528 2991 670 3067 moverit,
694 2991 749 3072 qui
774 2992 851 3055 mihi
875 2990 979 3055 bilem.
1018 2992 1124 3067 latre,
1143 2992 1282 3069 mordeo,

150 3077 249 3160 prodo
289 3077 373 3142 iures
407 3085 439 3141 et
471 3078 619 3141 latrones.
676 3078 837 3140 interdum
877 3076 965 3141 tituli
1002 3098 1121 3141 memor
1158 3077 1282 3141 dormio

150 3164 351 3246 tranquillus.
398 3162 444 3227 Tu
481 3185 597 3244 purgas
631 3168 662 3225 et
697 3162 792 3226 diluis
826 3164 942 3227 omnia.
994 3163 1166 3246 Nunquam
1200 3162 1284 3246 petis

149 3251 283 3313 veniam.
331 3249 397 3329 Ego
433 3250 472 3311 do
506 3254 538 3310 ct
572 3255 644 3330 peto
678 3253 710 3310 et
744 3271 792 3310 me
828 3254 931 3313 totum
966 3256 1040 3312 tuae
1074 3249 1147 3312 fidei
1181 3249 1281 3312 trado.

147 3333 232 3398 Vale.
280 3335 328 3397 Vl.
354 3334 419 3397 Cel.
444 3333 515 3398 Oct.
541 3333 698 3396 lllDXllll,

306 3435 367 3488 Uod.
386 3434 452 3487 mes.
472 3436 531 3488 mu.

149 3622 264 3690 (Golha)
677 3605 749 3667 421.
1056 3620 1096 3672 28.
1115 3618 1186 3686 Sept.
1207 3619 1281 3673 1514.

529 3731 674 3802 Mutien
697 3750 747 3800 an
769 3728 907 3799 Urbau.
1373 3710 1376 3720 ’

149 3861 252 3926 (Sobila
269 3861 314 3913 hal
332 3860 376 3912 ein
399 3861 481 3927 acorr'p
508 3861 572 3912 dem
589 3859 724 3928 pescln'ell.
764 3858 798 3910 ll.
817 3858 956 3910 betroclelet
975 3874 1001 3908 es
1020 3856 1081 3908 aber
1099 3872 1153 3907 rtur
1171 3855 1212 3907 ala
1231 3854 1285 3907 Ab·

595 3928 833 3994 selrluqsrabluup.)

223 4054 229 4083 ¹
249 4052 350 4118 ll'egeu
369 4052 416 4103 des
436 4050 537 4101 Bricses
555 4053 620 4101 tiber
637 4048 756 4110 Publius,
776 4048 822 4101 Nu,
841 4049 898 4099 415.
968 4048 977 4077 ²
996 4044 1143 4112 Eigeutlieh
1161 4042 1237 4096 sollte
1256 4059 1285 4096 es

150 4125 312 4172 constantem
331 4120 395 4184 (und
414 4136 442 4171 so
461 4119 529 4170 auch
550 4118 665 4169 rrachbor·
684 4117 869 4179 remittentem,
896 4116 1046 4179 addentem)
1072 4113 1191 4175 heleseu,
1216 4112 1285 4166 doeh

150 4188 185 4240 ist
203 4189 245 4240 die
264 4188 452 4241 Konstrubtion
481 4186 639 4238 absicbtlich
669 4185 808 4237 verlassou.
882 4183 977 4250 ³Mag.
1004 4182 1102 4248 Caspai·
1126 4179 1239 4233 Scheibe
1258 4181 1285 4232 iu

149 4256 245 4321 Eriurt,
264 4258 325 4308 sehr·
343 4255 493 4308 wandelbar·
510 4255 536 4306 in
555 4254 640 4306 seium·
658 4253 783 4318 hornung
802 4253 866 4304 iiber·
885 4251 1021 4303 Reuchlin.
1059 4250 1084 4303 S.
1106 4250 1157 4302 413
1176 4251 1207 4302 A.
1226 4250 1251 4303 6.

185 4325 284 4378 ⁴Wcil
309 4326 356 4377 der
382 4325 459 4377 Fluss
482 4324 560 4391 jeden
588 4322 705 4375 Moment
727 4324 768 4372 eiu
794 4321 905 4373 auderer
923 4320 958 4371 ist
975 4334 1066 4385 uegen
1092 4318 1138 4370 des
1155 4318 1286 4370 unuhter·

151 4393 264 4446 brochon
283 4394 449 4446 stromendeu
468 4392 597 4444 ll'aseors.
660 4389 790 4441 ruffina
809 4390 837 4440 G.
858 4388 977 4440 Osrmmd
996 4403 1046 4439 von
1066 4386 1150 4439 Halle.
1188 4385 1215 4439 S.
1235 4385 1286 4438 279

150 4462 181 4516 A.
201 4462 224 4516 2.
295 4461 551 4513 “Kiicheurneisterz
587 4458 647 4524 lgr.
667 4457 787 4510 31:416.
861 4455 1060 4522 ⁷Sdmmeriug.
1097 4454 1122 4508 S.
1143 4454 1193 4506 239
1212 4455 1243 4507 A.
1262 4455 1287 4507 6.

182 4530 195 4561 ³
205 4531 250 4584 Br.
271 4532 330 4598 riu,
352 4530 400 4584 der
417 4530 481 4583 lurz
500 4544 548 4583 vor·
565 4528 606 4583 ⁶26.
625 4528 696 4596 Sept.
715 4526 885 4594 gescluieben
898 4525 987 4577 ivurde
1006 4524 1060 4576 und
1079 4524 1147 4576 uach
1165 4522 1200 4577 M.
1220 4521 1287 4576 Vor-

129 4606 302 4672 aussetauug
318 4601 390 4656 noch
409 4601 488 4658 nieht
505 4599 664 4673 abgegebeu
680 4613 745 4653 aar.
