2774 4966
550 660 654 713 llutiau
674 675 707 712 an
727 659 825 715 Urban.
1188 663 1248 727 261

130 832 205 884 Fron
230 830 361 883 Eberhard
394 829 444 881 soll
474 828 566 879 rru'eder
596 828 644 881 mit
675 827 913 895 Heirolsocdurrleu
942 830 1060 895 irnpelur.
1116 829 1172 882 Von
1196 831 1253 884 dem

141 901 244 954 lrr'c'lrrrcn
266 898 404 966 airrllrcteu
421 898 464 950 des
486 897 561 950 Abies
582 915 629 949 ron
651 898 797 950 Cloirruur
814 898 934 964 eusdem
956 898 1062 957 &insila
1081 916 1129 952 con
1149 898 1237 968 Pisa.)

207 997 335 1048 Urbano
352 995 420 1046 viro
439 995 581 1054 sapienti,
600 997 635 1044 ut
653 995 830 1054 parcissime
848 995 982 1055 laudem,
999 998 1043 1047 M.
1063 994 1173 1047 Rufus.

233 1090 265 1155 S.
311 1088 432 1155 Scribis
456 1089 561 1152 omnia
584 1111 653 1151 esse
676 1089 756 1152 bene
779 1091 935 1171 expedita.
982 1089 1089 1154 Laudo
1107 1094 1138 1154 et
1154 1090 1255 1155 laetor

129 1184 162 1243 et
183 1179 285 1242 amico
309 1175 505 1259 magnifacio
528 1175 678 1256 gratulor.
724 1175 759 1238 ln
784 1197 819 1239 eo
843 1176 925 1238 enim
949 1176 1050 1240 solida
1072 1181 1120 1239 est
1137 1182 1168 1240 et
1184 1199 1254 1261 per-

130 1264 212 1329 fecta
229 1263 361 1340 laetitia,
377 1262 403 1326 si
420 1262 449 1324 id
467 1262 600 1326 solidum
615 1261 872 1339 existimandum,
885 1268 921 1325 ut
936 1263 1041 1344 inquit
1056 1262 1252 1341 Lactantius,

128 1352 179 1415 cui
203 1351 283 1414 nihil
307 1349 465 1423 decedere,
491 1348 522 1411 id
545 1346 728 1430 perfectum,
764 1350 813 1411 cui
847 1348 925 1412 nihil
961 1349 1062 1431 possit
1095 1350 1251 1414 accedere.

129 1438 197 1502 Duo
214 1436 371 1518 siquidem
391 1435 421 1497 in
440 1435 506 1498 viia
524 1439 703 1517 proponunt
719 1434 888 1517 sapientes,
906 1436 1026 1498 lucrum
1044 1440 1075 1498 et
1092 1434 1252 1500 honorem.

128 1523 330 1588 Herebordus
374 1521 532 1584 lucrosum
571 1526 602 1583 et
639 1542 710 1583 vere
747 1521 984 1602 quaestuariam
1029 1521 1162 1604 adeptus
1205 1535 1254 1586 est.

127 1610 362 1691 magistratum,
387 1607 428 1672 ob
451 1606 576 1687 insigne
600 1605 738 1670 doctoris
765 1605 892 1670 nomen¹
925 1607 1096 1691 pulpitaria
1126 1612 1250 1689 partum

126 1696 236 1779 gloria.
283 1695 391 1758 Placet
414 1693 489 1756 mihi
513 1693 608 1756 etiam
635 1693 747 1755 mirum
771 1693 802 1755 in
827 1694 964 1770 modum,
987 1694 1071 1777 quod
1096 1693 1250 1760 Gerlacus

127 1782 191 1848 sibi
206 1779 442 1865 ilperbaccham
456 1779 665 1860 conjunxerit,
679 1779 772 1842 lromo
784 1780 901 1861 primae
918 1780 1097 1844 nobilitatis
1113 1780 1250 1864 puellam

127 1867 388 1934 honestissimam
412 1886 475 1929 non
499 1866 566 1929 sine
594 1865 706 1947 dapsili
738 1865 819 1928 dote.
866 1864 916 1929 Sit
945 1866 1020 1930 felix
1051 1867 1250 1948 conjugium!

127 1955 231 2021 Audio
263 1952 404 2018 fabulam
426 1973 490 2014 non
514 1950 642 2015 omnino
675 1952 852 2032 pessimam,
887 1953 949 2015 imo
983 1952 1089 2029 talem,
1123 1953 1249 2036 qualem

127 2042 213 2125 leges
251 2040 395 2124 probent,
433 2037 598 2119 nuplurire
631 2036 753 2101 scilicet
785 2043 915 2101 matrem
951 2038 1250 2120 Aperbacchorum.²

126 2128 241 2192 Melius
279 2130 325 2190 est
363 2123 490 2201 nubere,
529 2145 623 2204 quarn
660 2124 755 2186 nimis
792 2124 849 2186 uri.
910 2123 979 2188 Non
1019 2148 1137 2208 paucae
1175 2132 1251 2190 sunt

126 2217 300 2290 matronae,
324 2233 405 2293 quae
428 2210 541 2274 vulvae
564 2208 652 2273 cultu
676 2210 818 2292 neglecto
835 2214 1002 2292 aegrotant
1018 2216 1049 2274 et
1064 2213 1250 2276 moriuntur.

127 2301 244 2366 Sciunt
268 2299 299 2362 id
322 2297 445 2361 medici.
488 2295 619 2359 Cunnus
635 2297 683 2359 uti
700 2296 817 2359 fundus
834 2301 891 2373 est,
908 2319 1000 2378 quem
1019 2298 1077 2361 nisi
1095 2320 1250 2377 exerceare,

126 2386 288 2472 torpescit.
352 2383 535 2447 admittant
571 2383 668 2464 igitur
705 2383 789 2446 docti
826 2382 937 2447 fratres
981 2405 1043 2446 non
1089 2384 1250 2449 indoctum

127 2474 275 2538 vitricum
299 2475 462 2535 maternae
483 2468 674 2532 valetudinis
689 2469 812 2532 ratione
828 2468 947 2534 habita.
994 2469 1026 2533 Si
1045 2470 1095 2533 ille
1112 2470 1251 2535 delectus

127 2570 185 2634 est,
209 2580 303 2643 quem
329 2557 412 2620 lama
435 2555 586 2638 loquitur,
621 2555 761 2638 prolecto
794 2556 896 2620 bonus
919 2556 976 2634 vir,
1006 2563 1159 2640 quantum
1193 2579 1251 2640 ego

124 2648 268 2731 judicare
291 2665 430 2729 possum,
455 2642 580 2706 beatam
605 2641 731 2705 viduam
755 2643 889 2706 curabit.
935 2643 976 2707 Et
992 2644 1029 2708 de
1051 2643 1101 2706 his
1124 2643 1249 2725 quidem

127 2735 292 2797 haelenae.
339 2730 437 2793 Incidi
456 2729 553 2792 iures
575 2727 703 2792 Italicas
720 2750 817 2811 nuper
833 2734 948 2810 gestus.
988 2729 1066 2794 Cum
1084 2730 1250 2795 concilium

128 2821 280 2885 Pisanum
311 2815 483 2880 Mediolani
514 2815 627 2878 fuisset
661 2812 846 2898 inceptum‚³
879 2815 979 2879 abbas
1012 2816 1122 2881 Clarae
1155 2817 1251 2881 Vallis

127 2906 337 2972 concionatus
372 2906 421 2966 est
451 2902 482 2964 in
514 2900 633 2965 Julium
662 2900 698 2963 ll.
735 2906 766 2964 et
788 2900 937 2966 ecclesiae
970 2924 1117 2967 romanae
1149 2925 1251 2968 mores

127 2991 359 3077 perditissimos
382 2990 533 3053 acerrima
562 2988 699 3051 dictione
729 2987 900 3051 laceravit.⁴
945 2987 1025 3052 Ecce
1054 2990 1102 3053 tui
1131 2990 1250 3054 ordinis

127 3084 217 3162 pater
252 3082 284 3141 et
320 3074 471 3138 Bernardi
507 3095 669 3138 successor
703 3073 851 3150 facundia
885 3073 1009 3149 enituit,
1044 3084 1079 3140 ut
1112 3076 1248 3157 elogium

128 3165 206 3230 illud
227 3164 298 3246 jure
322 3166 462 3244 repetas:
500 3160 630 3242 „Clarae
659 3167 735 3223 sunt
765 3161 875 3238 vallea,
899 3161 952 3224 sed
976 3160 1077 3226 Claris
1109 3162 1249 3227 Vallibus

125 3252 229 3316 abbas
253 3249 373 3313 Clarior
403 3248 452 3311 his
479 3247 596 3310 clarum
632 3267 744 3310 nomen
769 3247 800 3309 in
824 3247 928 3309 orbe³
958 3247 1073 3311 dedit.“
1120 3248 1195 3313 Vale
1218 3255 1250 3314 et

126 3339 238 3404 titulos
262 3335 411 3399 librorum
436 3332 585 3396 remitte.⁵
631 3332 725 3396 Festo
748 3331 875 3396 Martini
899 3334 1046 3417 episcopi.

280 3435 341 3489 Cod.
360 3434 426 3490 Frel.
444 3435 501 3487 alu.

127 3593 244 3663 (cotia.)
650 3574 722 3637 207.
1031 3592 1068 3645 n.
1087 3591 1154 3644 mv.
1176 3592 1248 3644 1512.

502 3682 648 3752 Mation
670 3704 718 3752 an
740 3682 877 3752 Urlran.

126 3799 193 3865 (Har
216 3798 275 3850 dem
304 3797 396 3849 Crolus
419 3796 468 3848 {lae
491 3795 642 3862 Jr'iprrlrorur.
661 3795 716 3846 rlcrrr
738 3795 861 3862 timialia
879 3784 926 3847 rlmr
948 3796 1037 3848 &lorch
1056 3797 1096 3849 als
1121 3795 1249 3864 ll'appen·

125 3868 233 3922 aciclrcrr
249 3865 369 3934 pogicam
387 3883 416 3917 so
433 3864 566 3931 crnpliinpl
590 3864 679 3916 lrlrborr
693 3864 755 3929 joiri
773 3865 822 3915 (los
840 3863 914 3916 lrolbe
927 3864 999 3928 liud,¹
1019 3865 1135 3932 sapietati
1147 3866 1249 3919 sclrmlri

475 3933 575 3985 erilem
594 3933 638 3985 eiu
656 3933 780 3985 silbcrrres
800 3933 901 4002 Srcprl.)

190 4034 232 4083 H.
252 4030 381 4082 Urbano
399 4030 553 4081 sacerdoti
571 4032 622 4090 pio
641 4033 672 4080 et
691 4030 812 4080 erudito
830 4034 861 4080 et
878 4030 1056 4091 magisterio
1074 4031 1188 4093 insigni
1283 4030 1285 4033 ’

563 4130 618 4166 suo
635 4117 679 4166 M.
697 4116 807 4166 Rufus.

231 4211 264 4277 S.
310 4209 406 4275 Croto
431 4212 572 4276 venatori
595 4211 771 4276 lllusarum⁶
795 4212 919 4293 erogavi
936 4232 1032 4275 cornu
1056 4213 1105 4275 sui
1128 4212 1249 4277 decoris

123 4304 157 4366 et
195 4297 458 4364 honorificentiae
494 4303 601 4362 notam
640 4299 855 4382 spectabilem,
898 4296 1096 4378 Spalatinum
1140 4299 1244 4363 ollicio

196 4450 211 4480 ι
223 4435 251 4488 in
269 4435 330 4489 orbe
347 4450 448 4488 nomen.

199 4508 206 4536 ¹
225 4503 276 4558 Die
292 4502 442 4557 Promotion
459 4503 532 4555 hatte
550 4518 592 4555 am
609 4503 634 4555 8.
652 4503 720 4556 Nur.
739 4503 938 4571 stuttgclunden.
957 4501 1000 4556 ΒΓ.
1020 4502 1077 4557 202.
1136 4503 1146 4534 ⁹
1164 4502 1249 4572 Georg

126 4573 274 4641 Eberbeclu
299 4572 342 4626 ihr
366 4572 454 4637 Manu,
482 4587 536 4624 war
563 4573 628 4625 1507
655 4573 798 4640 gualerico.
870 4574 948 4624 ³Am
968 4574 990 4624 l.
1009 4570 1079 4639 Sept.
1104 4573 1178 4630 1511,
1203 4587 1248 4639 ge·

127 4642 264 4699 schlossen
282 4656 325 4696 am
343 4641 383 4694 21.
404 4640 475 4708 April
495 4640 568 4692 1512.
639 4642 648 4672 ⁴
670 4641 824 4695 llrlmunrlus
842 4642 874 4694 ‹le
892 4640 1015 4693 Serleloco
1034 4639 1201 4708 (reoli-uir.

122 4717 134 4750 ⁸
157 4712 215 4769 Das
231 4710 315 4768 sehon
331 4711 359 4765 in
379 4709 422 4764 Br.
433 4710 483 4764 203
503 4708 634 4777 rerlungte
651 4709 800 4778 Regestum.
870 4712 881 4744 ⁶
897 4708 950 4766 aru
960 4709 1133 4781 amplexum,
1146 4710 1197 4762 aui
1211 4709 1270 4761 deu
