2774 4966
136 596 176 659 78
516 589 602 642 Bricfo
621 605 670 643 von
691 587 867 646 reos-1508.

134 765 281 849 accipias
314 763 450 828 videaris
477 785 538 828 non
573 768 657 828 recte
685 767 803 829 sentire
825 767 864 831 de
885 789 955 831 meo
978 769 1010 831 in
1032 771 1120 833 recta
1141 768 1260 847 studia,

135 856 167 918 in
191 859 233 931 te,
257 851 457 934 Spalatinum
482 857 514 914 et
535 850 713 915 Matianum
740 852 854 916 Rufum
885 875 999 931 amore,
1029 859 1157 919 nostrae
1179 856 1260 919 ami-

133 941 227 1004 citiae
242 944 429 1013 auctorem,a
453 936 687 1001 conciliatorem
705 943 737 1002 et
752 940 843 1022 quasi
859 941 1135 1022 agglutinatorem.
1159 941 1259 1018 Quem

134 1051 153 1091 a
181 1048 277 1109 puero
311 1045 373 1087 unu
408 1024 499 1087 aliter
522 1024 628 1100 dilexi,
662 1024 837 1103 observavi,
876 1027 957 1090 colui
1001 1032 1097 1110 atque
1127 1051 1146 1090 a
1174 1029 1260 1091 bono

133 1112 323 1177 scholastico
347 1111 445 1190 diligi,
476 1110 646 1186 observari,
682 1112 741 1174 coli
766 1134 821 1194 par
844 1119 893 1176 est
916 1116 1014 1178 virum
1039 1115 1259 1177 doctissimum

134 1199 331 1278 errudemque
348 1197 600 1278 integerrimum:
620 1203 795 1260 commotus
814 1200 958 1263 videlicet
970 1201 1055 1264 fama
1067 1201 1260 1282 nomineque

134 1285 335 1350 celeberrimo
359 1282 508 1355 bominis,
532 1304 594 1363 quo
619 1306 667 1345 me
690 1285 781 1365 primi
804 1287 879 1348 anni
904 1288 986 1349 inter
1010 1287 1261 1367 Erplrurdienses

134 1372 330 1436 academicos
353 1369 496 1432 auditore
520 1370 660 1432 clarebat
683 1371 754 1433 istic
777 1393 869 1452 quam
895 1374 947 1453 qui
973 1374 1118 1436 maxime.
1155 1373 1260 1449 Quare

133 1461 192 1522 boc
215 1458 275 1521 tibi
299 1456 390 1518 velim
425 1456 614 1537 persuadeas
648 1456 685 1517 de
718 1455 856 1523 Urbano.
884 1458 967 1539 quod
1000 1459 1037 1521 de
1064 1459 1260 1522 amicissimo

133 1545 430 1622 studiosissinroque
453 1547 489 1604 ut
511 1543 701 1624 optimarum
726 1545 840 1606 artium
864 1552 896 1606 et
915 1546 1014 1608 totius
1031 1545 1122 1608 latini
1138 1546 1261 1609 ordinis

131 1634 177 1695 sic
200 1631 305 1711 gentis
329 1629 571 1708 biargaritauae.
630 1629 815 1711 Accepimus
848 1629 912 1692 lieri
940 1631 1120 1712 epistolium
1155 1637 1260 1705 tuum,

133 1719 187 1782 sed
205 1715 316 1790 fertile,
333 1720 444 1796 utpote
462 1737 589 1777 munere
605 1716 756 1797 stipatum
774 1717 964 1794 gratissimo,
982 1718 1040 1781 hoc
1057 1723 1106 1780 est
1123 1718 1259 1800 poetico.

131 1806 227 1868 immo
252 1800 444 1885 prophetico,
468 1802 590 1864 divino:
615 1801 784 1863 immortali
809 1802 972 1884 Baptistae
994 1804 1136 1885 theologi
1158 1804 1259 1867 divini

131 1889 247 1973 opere¹
308 1887 370 1950 Sed
409 1908 466 1950 nos
501 1887 577 1968 quid
612 1888 795 1950 reddimus?
840 1887 961 1952 Literas
995 1890 1119 1954 steriles
1153 1897 1187 1954 et
1219 1912 1260 1953 ue

132 1975 293 2041 Diomedis
326 1974 452 2055 quidem
489 1973 649 2036 solertiam
679 1974 843 2050 imitantis
888 1997 949 2038 non
985 1976 1069 2057 quod
1108 1977 1259 2053 nolimuS,

131 2064 184 2127 sed
209 2063 285 2144 quia
309 2081 371 2123 non
396 2080 564 2141 possumus
580 2059 611 2121 in
629 2062 808 2140 praesentia
824 2060 936 2124 referre
952 2064 1098 2143 gratiam.
1143 2062 1259 2127 Verum

130 2149 277 2213 dabimus
294 2168 430 2228 operam,
447 2151 483 2208 ut
500 2146 584 2208 nacti
602 2145 783 2227 aliquando
800 2148 883 2229 quod
900 2149 964 2211 tuis
979 2149 1111 2213 auribus
1124 2149 1258 2230 dignum

133 2242 289 2319 putemus.
314 2232 476 2314 gratitudo
500 2233 597 2294 animi
622 2233 721 2295 nostri
745 2232 802 2296 liat
826 2236 1041 2298 testatissima.
1087 2235 1171 2298 Vale.

284 2334 344 2386 t'od.
364 2332 429 2385 Frcl.
448 2332 507 2386 295.

129 2456 244 2525 (Gellia.)
667 2456 717 2519 72.
888 2472 928 2523 22).
947 2472 1017 2540 Sept.
1037 2473 1095 2539 (zu.
1116 2472 1257 2542 loos-8.)

505 2563 648 2633 blutian
671 2586 718 2634 an
744 2567 882 2636 Urban.

162 2677 269 2743 (l'rban
288 2675 425 2742 rerpeblr'clr
445 2692 489 2748 ror
507 2674 629 2728 lllrdr'ans
650 2676 739 2729 Tln'irc.
778 2677 959 2743 rS'clreralrasler
979 2679 1030 2730 Ital
1048 2679 1104 2730 und
1124 2678 1218 2745 bost.)

284 2775 403 2834 Insigni
421 2778 453 2823 ot
471 2774 592 2824 erudito
610 2776 694 2833 patri
712 2775 752 2824 Η.
770 2776 897 2826 Urbano
915 2777 957 2826 Μ.
976 2775 1088 2825 Rufus.

231 2868 262 2933 S.
308 2868 412 2932 Lectis
435 2869 500 2931 tuis
522 2867 633 2945 literis,
656 2869 773 2950 quibus
796 2891 846 2933 me
861 2871 952 2952 qnasi
975 2871 1107 2951 piscium
1131 2891 1256 2934 osorem

128 2978 270 3029 accusas,
294 2957 409 3036 agnovi
433 2954 630 3018 uoluntatem
654 2965 685 3017 et
708 2957 849 3019 animum
872 2978 946 3037 erga
963 2980 1012 3019 me
1027 2964 1128 3020 tuum.
1175 2957 1254 3020 Gra-

128 3052 182 3107 tus
204 3047 252 3105 est
275 3047 307 3104 et
329 3062 450 3123 semper
474 3041 566 3103 nobis
589 3042 648 3103 erit
679 3041 726 3104 vel
757 3042 877 3123 absque
905 3043 1039 3122 piscium
1068 3043 1255 3106 testimonio

129 3129 336 3194 suauissimus
369 3127 523 3190 Urbanus.
574 3127 663 3202 Quod
687 3133 791 3190 autern
816 3129 947 3191 adeunti
965 3130 1140 3192 blutianum
1155 3129 1255 3209 janua

130 3216 278 3280 nonfuit
306 3219 455 3276 reserata:
494 3214 573 3282 vide,
608 3215 659 3276 cui
693 3215 818 3277 tandem
854 3215 913 3277 boc
947 3218 1062 3278 crimen
1099 3217 1253 3297 imputes:

129 3303 258 3377 mihine,
274 3302 286 3338 ¹³
310 3302 363 3381 qui
381 3300 439 3363 sub
458 3300 537 3362 idem
555 3307 680 3380 ternpus
698 3301 826 3362 oliorum
851 3302 1050 3380 agitantibus
1067 3302 1150 3364 inter
1165 3324 1254 3364 sacra

129 3390 323 3470 conspiravi;
359 3407 399 3448 an
434 3387 624 3448 domesticis,
659 3408 792 3466 quorum
827 3395 937 3450 neuter
970 3388 1054 3450 domi
1090 3392 1172 3463 erat,
1209 3389 1255 3451 uli

125 3477 269 3557 jurantes
301 3478 475 3549 testantur3
499 3494 539 3533 an
565 3472 659 3535 cattis
679 3474 804 3548 nostris
828 3486 937 3553 quaec
958 3475 1007 3536 sui
1025 3475 1142 3536 limites
1158 3474 1254 3538 olticii

130 3585 192 3626 non
217 3560 456 3625 transcendunt.
482 3560 535 3620 sed
560 3563 594 3620 ut
619 3560 808 3640 pecuniosus
835 3582 945 3622 aurum
980 3561 1026 3622 ita
1054 3561 1255 3623 continenter

129 3671 238 3712 cavum
264 3648 421 3710 murinum
443 3645 622 3707 observant.
661 3643 731 3706 'l'ibi
753 3646 876 3727 culpam
897 3647 1035 3726 imputes
1052 3668 1180 3708 necesse
1195 3654 1253 3716 est.

128 3735 211 3817 quod
237 3755 298 3797 non
324 3732 520 3814 praemiseris
543 3732 782 3811 exploratorem.
828 3731 938 3794 Solent
962 3734 1043 3794 eninr
1068 3734 1176 3813 magni
1200 3733 1254 3795 do·

129 3823 205 3885 mini
230 3822 352 3899 legatos
376 3819 509 3883 mittere,
533 3819 587 3898 qui
610 3818 780 3879 adrentum
799 3819 990 3898 praedicant.
1037 3818 1167 3881 Credo‘1
1192 3839 1251 3882 uon

130 3909 209 3970 satis
224 3908 281 3970 otii
297 3918 309 3943 ⁰
334 3905 431 3967 luisse
454 3905 522 3966 tibi.
562 3904 649 3968 blilri.
673 3904 756 3985 quod
773 3905 936 3966 subtristis
951 3905 1077 3969 abieris.
1094 3927 1172 3966 sane
1189 3926 1253 3967 mo·

130 3996 242 4058 lestum
266 3998 322 4054 est.
369 3989 477 4070 Spero,
501 3990 659 4052 tristitia⁰
682 3993 820 4052 vertetur
846 3991 876 4052 in
904 3991 1065 4071 gaudium.
1090 3992 1145 4053 ubi
1169 4013 1254 4054 reve·

130 4082 222 4143 ueris.
279 4078 358 4140 Nam
383 4082 414 4138 te
442 4075 535 4138 rebus
556 4076 703 4156 jucundis
725 4081 757 4137 et
780 4079 869 4138 novis
892 4100 910 4140 a
934 4098 1072 4139 moerore
1096 4076 1252 4140 recreabo.

131 4167 215 4233 l'ale.
239 4167 281 4228 mi
304 4163 439 4227 l'rbaue.
486 4162 532 4224 Ex
566 4163 699 4225 aedibus
730 4163 844 4224 uostris
879 4164 910 4225 in
939 4163 1158 4226 anniversaria
1189 4163 1253 4226 divi

128 4252 270 4317 blauritii
293 4251 451 4313 memoria.

281 4351 343 4403 cau.
362 4349 426 4402 rar.
445 4349 478 4401 :c
497 4349 541 4415 (a).

196 4509 367 4561 ⁸autberum.
405 4506 547 4557 brnibiue.
584 4504 655 4571 eqni
671 4503 743 4554 Terra.
769 4503 879 4555 dl'rcdc
894 4502 952 4555 (ul.
964 4503 1019 4555 iered
1030 4502 1103 4555 Terra.
1129 4502 1254 4557 veienti.

200 4583 206 4610 ¹
227 4578 342 4645 bapti-ta
362 4575 519 4628 uelamen<
537 4575 657 4625 norimus
675 4573 753 4624 llaro.
774 4573 825 4625 urs.
847 4573 911 4625 litt?
932 4573 972 4624 bei
990 4573 1031 4624 lo.
1052 4573 1092 4625 llu
1110 4590 1137 4626 u.
1159 4574 1255 4641 wolffg.

126 4646 251 4700 Surnuer.
289 4646 411 4699 Oti'cnbar
429 4645 520 4696 scindre
539 4642 656 4695 Herbonl
674 4643 716 4694 cin
735 4641 876 4708 Furenrplar
895 4643 982 4693 dieses
1000 4641 1120 4695 Dructes
1137 4644 1191 4696 eiu.
1317 4642 1321 4647 '
