2774 4966
160 619 224 684 592
392 612 545 671 Zaretreute
566 610 653 670 Brielc
671 633 719 670 aus
737 617 943 673 verschiedcnea
963 621 1063 676 Zeiteu.

164 793 402 874 dispensatione
440 813 509 854 cum
548 812 647 854 essem
687 794 886 873 praepositus
923 793 1147 874 sapienterque
1184 795 1293 858 omnia

166 885 199 942 et
220 878 302 941 bene
329 877 474 957 egissem,
507 899 588 958 quae
617 877 656 939 ad
680 877 711 940 id
735 876 873 944 otficium
908 879 1046 941 maxime
1079 879 1292 961 pertinebant,

164 963 258 1027 Petro
291 962 493 1044 Aperheccho
523 968 685 1044 tamquam
719 963 820 1026 amico
853 964 947 1026 etiam
983 964 1231 1044 gratificaturus,
1255 971 1293 1030 ut

164 1071 213 1113 me
246 1050 380 1111 amicum
415 1048 623 1122 ostenderem,
660 1069 728 1110 mea
763 1048 928 1128 diligentia
963 1048 1022 1112 feci
1055 1050 1155 1130 (quod
1186 1051 1214 1114 is
1236 1050 1290 1114 diu

164 1139 258 1198 antea
281 1133 391 1197 multis
416 1135 498 1197 votis
527 1133 765 1215 postulaverat),
789 1140 826 1196 ut
847 1156 887 1197 ex
910 1133 978 1215 ejus
1006 1135 1192 1216 myropolio'
1222 1157 1291 1201 sac-

162 1219 291 1282 charum
325 1223 480 1281 emeretur
513 1219 617 1281 decem
650 1225 681 1280 et
714 1225 833 1299 septem
869 1241 1032 1283 nummum
1062 1221 1130 1283 auri
1159 1220 1289 1301 signati.

154 1305 254 1380 Quod
279 1327 348 1368 cnm
373 1304 587 1384 gratissimum
613 1309 705 1378 esset,
729 1303 769 1365 ad
786 1304 937 1367 celebrem
955 1305 1063 1369 leriam
1081 1327 1152 1368 cum
1169 1305 1290 1386 collega

164 1388 248 1453 mco²
273 1394 403 1451 vocatus
427 1390 465 1451 ad
492 1389 680 1451 meridianas
698 1389 794 1470 dapes
810 1410 879 1451 cum
899 1390 991 1453 Petro
1008 1396 1040 1454 et
1056 1391 1123 1472 ejus
1139 1390 1289 1455 omnibus

162 1496 297 1558 pransus
331 1496 410 1537 sum.
457 1475 534 1537 Cum
571 1480 730 1554 praeterea
764 1496 835 1537 curu
868 1476 978 1538 eodem
1012 1476 1044 1538 in
1080 1498 1158 1539 cena
1193 1477 1288 1539 etiam

162 1583 273 1634 essem,
296 1582 406 1623 mensa
428 1564 549 1623 remota
577 1560 736 1641 coepimus
764 1560 869 1622 ludere
900 1582 971 1623 cum
1002 1560 1106 1641 puella
1129 1566 1161 1625 et
1184 1561 1289 1625 vetula

162 1644 241 1709 anu⁸
266 1652 296 1709 et
320 1644 391 1708 eliis
414 1646 468 1725 qui
491 1645 633 1720 aderant,
656 1666 755 1724 quom
777 1667 845 1707 sors
868 1648 1046 1709 communis
1068 1646 1173 1723 Petro,
1197 1652 1233 1710 ut
1256 1647 1288 1709 in

162 1738 284 1811 tergum
309 1731 457 1794 manibus
481 1734 707 1811 percuteretur,
732 1730 811 1793 lorte
835 1730 961 1794 fortuna
986 1733 1100 1795 evcnit.
1139 1732 1286 1808 Quicum

160 1817 200 1880 ab
231 1818 302 1880 aliis
324 1822 356 1880 et
379 1838 471 1899 saepe
495 1823 525 1879 et
549 1816 696 1896 graviter,
724 1838 742 1876 a
767 1836 814 1877 me
844 1817 941 1879 semel
973 1817 1084 1880 leviter
1106 1818 1138 1880 in
1162 1823 1286 1899 tergum

160 1903 386 1975 verberaretur,
423 1902 492 1982 ,Dii
526 1901 575 1964 te“
615 1901 728 1982 inquit,
767 1898 944 1980 „Eobanel'
977 1900 1159 1983 vapulabis,
1187 1903 1215 1966 si
1237 1923 1287 1965 me

159 2010 268 2052 rursus
300 1985 518 2068 percusseris.“
565 1986 632 2066 Ego
667 1986 744 2047 haec
780 1985 899 2050 nihili·
931 1987 1059 2066 faciens,
1095 1988 1180 2070 quod
1214 2010 1286 2051 cum

159 2076 260 2138 amico
287 2096 336 2136 me
367 2095 435 2136 csse
466 2072 628 2154 putabam,
660 2072 748 2152 coepi
776 2092 884 2135 rursus
913 2072 1051 2152 caedere,
1080 2074 1145 2151 sed,
1169 2074 1215 2138 ita
1239 2094 1288 2137 me

161 2160 238 2223 deus
261 2164 354 2236 amet,
378 2159 468 2221 valde
491 2158 615 2220 leviter:
646 2155 718 2219 dum
744 2156 795 2220 ille
818 2158 962 2221 insiliens
993 2180 1100 2240 pugno
1123 2180 1173 2222 me
1194 2160 1227 2222 in
1251 2178 1288 2222 os

160 2245 316 2327 percussit
339 2266 434 2327 supra
458 2243 584 2306 modum
610 2242 738 2319 duriter,
755 2243 800 2304 ita
816 2249 851 2306 ut
868 2245 1024 2324 sanguine
1046 2245 1157 2307 dentes
1179 2243 1287 2307 made-

159 2332 279 2393 h'erent.
325 2330 392 2411 Ego
427 2350 500 2391 vero
535 2328 668 2409 petisne,
699 2333 735 2390 ut
758 2349 837 2403 sum,
872 2331 1010 2409 graviter
1044 2331 1145 2393 multa
1178 2331 1287 2393 dicens

159 2417 233 2480 abii.
280 2416 431 2480 Obtestor
453 2419 495 2486 te,
520 2414 671 2489 blutiane,
703 2414 764 2487 dic,
794 2415 949 2495 numquid
978 2414 1056 2478 mihi
1086 2415 1215 2478 ferenda
1237 2420 1287 2478 est

159 2508 250 2565 tanta
281 2500 419 2582 injuria?
476 2500 545 2563 Non
580 2499 691 2579 patiar,
725 2503 809 2562 certe
841 2520 904 2561 non
939 2501 1049 2581 patiar.
1106 2501 1198 2564 Prius
1231 2523 1287 2564 ex-

156 2588 296 2668 perietur
321 2585 552 2667 Aperbacchus,
578 2584 652 2664 quid
679 2585 805 2665 possim,
835 2607 928 2666 quam
958 2585 1082 2649 fortiter·
1105 2607 1155 2648 me
1179 2586 1284 2650 vindi·

157 2694 226 2735 care
258 2673 365 2735 sciam.
411 2671 475 2732 Nec
505 2676 562 2745 est,
591 2668 675 2749 quod
703 2671 872 2750 suspiceris
901 2693 950 2733 me
978 2694 1017 2733 ex
1040 2673 1284 2734 conversatione

155 2758 271 2820 sororis
294 2778 482 2839 provocasse
505 2760 615 2819 contra
639 2778 687 2818 me
710 2756 871 2818 invidiam.
918 2758 1049 2819 Cant-ior
1078 2779 1158 2834 sum,
1186 2777 1283 2836 quarn

136 2844 211 2924 'qui
237 2845 267 2904 in
292 2844 361 2906 istis
386 2841 559 2923 puerilibus
578 2841 736 2904 erroribus
753 2840 977 2922 deprehendar.
1022 2841 1138 2905 Famae
1155 2848 1283 2905 nostrae

156 2930 263 3010 potius
287 2929 408 2991 invidet
433 2928 552 3002 Petrus,
576 2948 670 3007 quam
706 2947 789 2989 nunc
815 2926 985 3004 obtrectat,
1014 2927 1132 2991 lacerat
1154 2933 1187 2991 et
1208 2948 1284 2991 con-

155 3020 296 3077 temnere
329 3036 362 3075 se
397 3013 482 3076 dicit..
529 3012 617 3088 Quod
653 3016 689 3075 ut
718 3011 879 3092 intelligas
909 3018 941 3075 et
972 3035 1078 3076 verum
1112 3034 1181 3076 esse
1214 3013 1283 3093 ipse

156 3120 260 3162 coram
292 3100 408 3173 videas,
440 3098 606 3180 subjiciam
636 3098 698 3161 duo
729 3099 873 3179 exempla
897 3098 1029 3161 duarum
1065 3097 1282 3179 epistolarum,

155 3207 235 3267 quas
252 3185 291 3247 ad
309 3207 357 3248 me
374 3185 500 3266 scripsit
523 3184 627 3246 surore
650 3183 763 3265 plenus
779 3190 811 3245 et
826 3184 960 3260 insania,
986 3205 1081 3265 quom
1101 3184 1284 3247 humaniter

155 3292 212 3351 ego
236 3275 268 3334 et
303 3270 662 3351 henignescripsissem
692 3292 741 3331 me
768 3275 853 3331 recto
878 3268 998 3349 judicio
1022 3268 1282 3351 propulsaturum

154 3360 276 3420 tantam
308 3357 466 3437 injurium.
512 3355 593 3431 Quid
621 3377 695 3417 vcro
724 3358 833 3417 contra
867 3375 923 3417 nos
947 3354 1161 3432 deblaterarit,
1194 3376 1281 3418 nunc

149 3443 266 3524 accipe.

219 3577 351 3658 „Petrus
375 3575 598 3658 Aperbacclrus
621 3576 751 3639 Eobano
776 3576 886 3653 Hess0,
909 3581 1021 3659 poetae
1042 3576 1214 3658 egestos0.⁴

255 3680 394 3751 liobane,
411 3681 489 3742 satis
506 3701 589 3742 nunc
603 3679 677 3741 mihi
692 3684 722 3742 te
736 3680 916 3743 ostendisti.
948 3679 991 3743 Ut
1002 3701 1074 3742 aera
1085 3680 1217 3751 tinnitu,
1234 3681 1282 3744 sic

153 3766 297 3829 homines
321 3766 424 3829 verbis
447 3777 691 3846 cognoscuntur.
737 3764 804 3845 Ego
828 3766 901 3828 dum
927 3764 1019 3828 hodie
1036 3766 1208 3828 vanissima
1224 3770 1281 3829 tua

150 3851 314 3915 mendacia
341 3852 485 3933 legerem,
516 3851 603 3913 visus
626 3873 695 3912 sum
719 3855 751 3912 te
773 3872 880 3931 gerres
913 3848 1052 3914 Siculas⁵
1087 3852 1279 3932 garrientem

151 3939 260 4002 audire
289 3959 392 4018 neque
422 3940 592 4018 quicquam
630 3937 859 3998 commovebar.
907 3936 940 3999 Si
965 3943 996 3999 te
1019 3936 1114 3999 talem
1137 3941 1282 4000 tantum-

217 4071 317 4124 anihil.

221 4144 226 4173 ¹
248 4140 296 4192 llic
325 4139 468 4206 Apotheke,
498 4156 548 4190 von
576 4138 623 4190 dor
649 4138 747 4190 Mutter·
775 4138 914 4203 botrie-ben,
943 4139 1013 4190 hiess
1031 4139 1078 4191 der
1095 4138 1215 4190 laterum
1253 4139 1279 4194 S.

149 4210 241 4262 walter·
253 4211 340 4262 untcn.
378 4211 433 4259 Ans
453 4207 512 4258 dom
532 4206 642 4258 lateran
662 4207 696 4258 ist
714 4207 782 4259 auch
801 4207 843 4258 ein
862 4207 904 4260 Br.
924 4209 970 4259 des
988 4207 1057 4259 Petr.
1077 4223 1108 4259 an
1128 4205 1217 4259 Eobun
1239 4209 1279 4260 15.

149 4278 211 4330 luni
229 4278 307 4330 *1508
335 4276 437 4341 daticrt,
463 4276 488 4326 in
515 4275 561 4326 des
588 4275 708 4327 Lctztcrn
737 4274 833 4327 Schrilt
861 4275 900 4326 lle
929 4275 1074 4328 amantium
1096 4274 1280 4341 ,infoelicitate

149 4345 286 4411 Krause,
311 4346 339 4399 E.
366 4345 440 4397 Hcss.
461 4347 481 4405 l,
500 4343 540 4396 68.
613 4343 720 4397 *Wohl
749 4343 805 4395 sein
831 4343 1049 4411 Stubcngenosse,
1076 4343 1280 4409 contubernalis

150 4419 230 4466 unton
259 4418 444 4467 conterraneus
473 4416 593 4478 genennt.
665 4412 843 4464 ³Schwester
870 4413 922 4463 und
953 4411 1051 4465 Muttcr
1077 4412 1123 4464 des
1150 4411 1280 4479 Potrejus.

173 4480 208 4551 'gl
228 4483 272 4536 Br.
292 4483 350 4536 206.
422 4480 550 4532 ⁴hlutian
580 4480 673 4532 ninrmt
700 4481 793 4533 darauf
817 4481 907 4547 Bezug
928 4496 960 4532 an
979 4480 1086 4547 Petrei:
1113 4480 1280 4537 »Notandum

181 4555 189 4602 t
207 4553 316 4604 miniuta
334 4549 434 4607 cerula,
453 4549 522 4616 quod
540 4548 690 4614 scripseris:
710 4553 829 4617 cgestoso
846 4557 958 4616 poetae«
993 4549 1069 4601 Tana.
1088 4547 1144 4603 Rel.
1163 4563 1221 4616 epp.
1244 4547 1279 4604 Μ.

191 4618 248 4673 249,
320 4619 475 4685 ⁵Sprichv.
496 4639 526 4656 =·-·
547 4617 653 4671 Possen.
