2774 4966
520 632 626 695 Mutina
645 654 678 691 an
698 624 827 692 Herbord.
1179 638 1240 702 157

124 877 200 932 eae,
641 861 712 924 125.
1045 876 1069 927 4.
1089 875 1144 928 Juu
1164 875 1238 928 1509.

462 987 607 1056 Mutian
629 1007 678 1055 an
702 985 887 1055 Herbord.

131 1113 186 1178 (Rae
200 1115 344 1168 aceldema
362 1115 493 1182 Beiepe'ele
510 1114 629 1167 Murteae
647 1131 698 1166 con
716 1114 761 1165 der
779 1112 900 1165 Marthen
918 1113 976 1164 arrd
992 1110 1118 1179 Herminp
1147 1114 1241 1166 Goadee

132 1182 173 1247 cet
191 1183 345 1236 uadentem
370 1183 526 1249 oueaupelm
552 1184 610 1234 und
634 1183 678 1234 die
710 1180 933 1246 ll⁷r2secnsclzofton
958 1181 1000 1232 bei
1024 1181 1091 1233 Seite
1108 1198 1145 1233 aa
1163 1183 1240 1249 tepea.

138 1248 203 1303 Urtetl
222 1251 286 1304 elder
302 1252 345 1303 die
362 1250 487 1303 Facetecn
504 1251 547 1303 des
564 1250 589 1302 J.
609 1250 742 1318 Adelphos
765 1249 822 1302 und
843 1248 939 1301 Bebele.
975 1248 1086 1301 Mation
1105 1249 1174 1316 poelt
1191 1268 1241 1302 uon

135 1318 211 1371 emm
232 1319 342 1372 Vorrate
359 1336 410 1371 von
429 1318 623 1385 Tafelsclrerxen
640 1319 699 1371 circi
709 1319 853 1384 ambtufiya
865 1317 982 1369 Froben:
1001 1316 1065 1369 idm
1079 1317 1133 1370 sa.
1151 1316 1241 1371 Weiu·

137 1402 208 1450 mareu
222 1388 283 1443 ridet
300 1388 345 1440 ein
364 1387 527 1456 &erectum
539 1387 596 1440 med
606 1387 670 1439 dher
687 1387 763 1438 circae
777 1386 908 1454 Spottcers
918 1402 996 1452 qeyen
1008 1385 1051 1437 dec
1068 1386 1241 1454 Vasatium.)

393 1500 578 1551 Herebordo
596 1476 769 1561 Margarita
787 1500 831 1549 Μ.
849 1497 961 1550 Rutue.

219 1609 247 1676 S.
291 1612 406 1676 Verum
430 1612 519 1676 dicis,
564 1611 636 1675 Non
660 1612 744 1675 enim
769 1616 855 1675 caret
877 1611 1011 1685 ambitu,
1028 1632 1091 1674 non
1108 1613 1242 1675 avaritia

143 1691 293 1760 llartiuue'.
339 1696 427 1773 Quae
449 1698 520 1774 scit,
552 1699 654 1779 magis
676 1702 834 1772 exercent,
870 1718 965 1778 quam
988 1695 1155 1759 delectant.
1203 1697 1243 1760 ut

143 1784 203 1840 sunt
218 1781 311 1864 ipsius
333 1781 466 1865 scripta²
491 1804 553 1846 non
580 1789 642 1845 tam
668 1783 833 1865 splendida
862 1803 956 1862 quam
980 1781 1122 1844 molesta.
1162 1782 1243 1858 Quia
1321 1797 1327 1809 ·

143 1865 225 1928 tanen
253 1867 338 1931 lucro
372 1869 432 1931 tibi
466 1869 666 1931 serviendum
702 1873 759 1944 est,
792 1867 934 1948 increpui
962 1872 994 1928 te
1025 1871 1061 1929 ut
1095 1868 1242 1946 amicum,

144 1965 192 2009 uon
210 1954 337 2030 graviter
359 1954 468 2035 pressi,
495 1958 648 2033 tanquam
672 1975 758 2016 reum
790 1973 981 2034 peragerem,
1009 1952 1063 2014 sed
1094 1954 1244 2017 admonui

145 2036 170 2123 ct
185 2039 284 2116 rogavi,
309 2043 346 2101 ut
370 2039 453 2102 illius
476 2039 609 2102 consilio
633 2041 664 2101 iu
688 2039 826 2119 negotiis
856 2038 903 2100 uti
926 2036 1030 2109 velles
1055 2038 1149 2101 sicuti
1173 2061 1242 2104 meo

144 2115 237 2192 judicio
256 2124 287 2186 in
310 2123 426 2187 studiis
449 2124 540 2188 soles.
587 2124 659 2186 Fuit
682 2129 788 2186 autem
812 2123 890 2185 haec
913 2122 1088 2185 admonitio
1118 2129 1242 2187 matura

146 2202 172 2260 tl
196 2202 323 2271 honesta.
381 2209 538 2273 Putabam
578 2210 660 2272 enim
696 2208 770 2284 lore,
806 2213 841 2271 ut
875 2209 920 2270 sic
954 2227 1029 2287 opes
1066 2208 1243 2272 cumulares

149 2288 237 2377 gentili
256 2293 399 2376 exemplo
422 2294 565 2375 nihilque
587 2294 647 2357 tibi
672 2294 852 2357 defuturum
876 2293 908 2354 in
933 2292 1027 2354 rebus
1050 2292 1193 2374 privatis,
1217 2298 1243 2359 si

149 2371 244 2462 luloro
264 2401 299 2442 ex
325 2381 413 2443 avari
444 2379 583 2443 hominis
617 2381 771 2442 instinctu
806 2378 909 2441 dicere
942 2377 1106 2458 inciperes
1142 2400 1244 2459 neque

149 2451 194 2516 trbi
219 2471 410 2547 praecaptum
444 2487 522 2540 esse,
553 2464 608 2527 sed
640 2464 716 2527 mihi
748 2470 780 2526 et
811 2461 1024 2546 philosophis:
1060 2462 1243 2544 fugiendam

151 2557 201 2600 esse
217 2552 361 2627 pecuniae
376 2550 593 2632 cupiditatem.
641 2549 725 2612 Nihil
743 2548 908 2611 honestius
924 2547 1245 2632 magnificentiusque

152 2640 221 2699 (llam
251 2635 414 2714 pecuniam
449 2638 659 2711 contemnere,
684 2637 709 2697 si
734 2656 797 2696 non
828 2634 965 2711 habea83
994 2633 1021 2694 si
1052 2633 1180 2712 habeas,
1204 2637 1244 2699 ad

152 2703 358 2783 beneficentiam
382 2727 415 2782 et
438 2719 661 2782 liberalitatem
686 2719 836 2782 conferre.
883 2718 954 2780 ulia
986 2719 1163 2782 causidicos
1193 2723 1245 2784 via

152 2803 257 2893 grassari
283 2809 421 2887 oportet,
452 2827 595 2886 perverse
625 2806 808 2886 intelligant
842 2825 971 2866 necesse
993 2808 1042 2866 est
1064 2807 1244 2886 sapientum

154 2885 278 2978 lntbtota.
323 2890 439 2953 Dicant
471 2891 540 2953 isti:
571 2890 648 2953 nihil
672 2895 721 2953 est
743 2897 809 2953 tam
833 2889 973 2970 angusti,
1004 2892 1070 2951 tom
1101 2893 1189 2971 parvi
1213 2900 1245 2957 et

153 2963 221 3055 ephe
238 2975 330 3038 animi
354 2996 449 3055 qnam
480 2975 645 3056 pecuniam
677 2982 887 3038 contemnere.
932 2974 1029 3037 Item:
1061 2980 1167 3039 orator
1197 2988 1247 3041 est

154 3053 284 3135 ordines,
308 3060 341 3123 in
364 3059 503 3142 publicis
533 3061 613 3123 actis
643 3061 801 3140 frequens,
833 3081 895 3122 non
920 3059 991 3135 fide,
1015 3080 1078 3122 non
1103 3063 1246 3143 veritate,

155 3149 200 3228 nvp
217 3141 428 3225 intelligentia,
451 3167 514 3208 non
539 3145 683 3208 doctrina
707 3145 852 3226 politiore
882 3151 1057 3225 praestans,
1090 3146 1145 3208 sed
1176 3170 1246 3229 per-

154 3211 216 3291 fidu,
240 3228 385 3304 falsitate,
417 3230 560 3307 audacia,
590 3230 796 3311 impudentia,
831 3230 923 3293 malis
957 3229 1057 3292 literis
1089 3231 1245 3296 initiatus.

155 3296 231 3400 Qube
256 3336 293 3377 ne
322 3317 465 3399 parentis
488 3316 526 3377 de
549 3322 581 3378 te
603 3316 751 3378 fiduciam
776 3316 943 3391 destituas,
973 3314 1181 3381 laborandum
1199 3324 1248 3382 est

155 3384 303 3489 thrasium
338 3406 436 3483 atque
459 3402 565 3477 etiam,
589 3407 625 3463 ut
648 3401 766 3464 relictis
789 3401 836 3463 vel
861 3401 900 3464 ad
924 3405 1050 3481 tempus
1083 3404 1247 3485 suspensis

155 3473 239 3544 ⁸l¹2d1is
260 3487 324 3549 tuis
353 3486 537 3550 melioribus
562 3489 685 3549 servias
708 3492 740 3549 et
762 3487 928 3568 subjaceas
959 3485 1160 3570 formulariis,
1191 3490 1246 3570 qui

155 3554 218 3624 lead
230 3571 373 3635 subsellia
386 3572 529 3652 judicum
547 3573 734 3652 producant,
747 3573 934 3653 praestigias
950 3594 1025 3634 suas
1041 3574 1246 3654 patefaciant,

154 3648 268 3735 ltfuucos
290 3666 322 3720 et
344 3679 432 3719 asses
455 3657 495 3718 ob
520 3658 760 3719 advocationem
791 3657 943 3739 aucupari
971 3657 1116 3735 doceant,
1145 3660 1247 3723 bonos

155 3743 217 3793 viros
234 3740 433 3806 irreverenter
456 3744 609 3824 excipere,
639 3743 803 3823 litigantes
827 3742 991 3805 blanditiis
1013 3743 1138 3807 allicere
1160 3751 1192 3808 et
1214 3747 1247 3809 in

154 3828 247 3887 summa
266 3828 418 3891 aemulari
443 3826 670 3908 Hennignum³.
716 3828 818 3890 Multa
841 3829 917 3902 dixi,
935 3828 997 3889 imo
1016 3849 1114 3908 paene
1130 3833 1247 3910 omnia,

155 3892 209 3965 dum
227 3907 302 3976 hunc
325 3914 466 3976 nomine.
515 3914 619 3975 Dices:
649 3914 724 3987 scio,
751 3913 814 3992 jam
839 3913 917 3975 mihi
940 3912 1069 3976 odiosus
1093 3938 1126 3978 es
1149 3916 1247 3980 inter-

154 3983 263 4059 pellator.
307 3997 361 4061 Sic
385 4020 454 4061 esse
478 3999 548 4061 volo
574 4020 627 4078 pro
652 4021 721 4060 mea
750 3999 963 4080 simplicitate,
995 4005 1031 4061 ut
1053 4023 1070 4062 a
1093 3999 1194 4064 lllusis
1216 4007 1248 4065 te

154 4085 263 4144 revocem
293 4084 332 4146 ad
368 4083 524 4146 forensem
559 4105 701 4164 operam3
735 4085 765 4144 in
802 4106 864 4164 que
898 4086 1026 4147 tametsi
1059 4086 1150 4166 plura
1182 4089 1249 4151 sint

154 4154 278 4238 culpanda
313 4190 408 4250 quam
444 4168 612 4241 laudanda,
646 4175 680 4230 tu
711 4175 817 4231 tamen
852 4169 977 4232 vivendi
1012 4176 1126 4234 metam
1160 4172 1248 4253 figes.

154 4280 324 4306 χ*-

204 4349 312 4406 'Martio
333 4369 384 4407 von
403 4354 450 4405 der
468 4352 596 4412 Murthen,
622 4353 755 4405 Professor
774 4353 820 4404 der
837 4352 937 4404 Rechts
961 4369 993 4405 au
1018 4354 1065 4405 der
1087 4353 1250 4409 universim

151 4405 223 4470 &furt
254 4420 311 4490 vgi.
329 4421 356 4474 8.
377 4421 423 4474 131
444 4424 475 4474 A.
497 4422 521 4473 1.
580 4422 672 4473 ‘Hier
690 4438 740 4473 nur
757 4436 807 4473 von
824 4421 994 4486 julistischen
1014 4423 1249 4491 Ausarbeitungon,

150 4475 303 4542 &Schriften
330 4489 467 4543 desselben
494 4490 568 4541 nicht
587 4490 700 4541 bekannt
718 4489 784 4541 sind.
846 4489 960 4542 ³Goede
978 4490 1004 4541 in
1023 4489 1138 4543 Matiane
1158 4496 1198 4544 Au
1232 4511 1249 4544 n

147 4542 308 4619 &arcuum
331 4559 379 4611 der
404 4557 604 4626 habsiicbtigen,
622 4559 664 4610 die
683 4559 816 4610 humanen
843 4557 952 4610 Studien
981 4558 1196 4626 geringsohdtzen
1216 4577 1249 4612 en

145 4614 245 4680 Jmea
281 4625 339 4696 νει
357 4625 383 4680 e.
403 4627 436 4679 7³
454 4629 485 4678 n.
507 4629 528 4677 1.
