2774 4966
397 39 1310 274 Ι,

129 604 170 668 22
466 602 553 658 Briefe
571 601 612 656 bis
631 619 688 656 zum
708 601 809 657 Herbst
829 603 901 658 1505.

128 777 309 858 ovigeralas
331 777 450 840 llianns
482 775 640 850 broclruS‚¹
674 777 736 839 imo
768 776 868 847 labeo,
901 777 964 840 imo
994 777 1144 842 dentatus
1174 799 1251 841 one-

127 865 245 928 randus
261 863 387 946 quidem
411 871 460 925 est
481 863 642 925 literarum
660 862 826 925 fasciculis
875 863 954 926 Huic
973 886 1028 927 vos
1044 864 1250 944 epistolarum

128 958 289 1031 tamquam
301 961 315 988 ⁸
337 951 464 1012 vitrario
481 949 644 1012 clitellario
661 950 815 1011 sarcinam
833 949 1013 1030 imponatis,
1059 949 1128 1014 Non
1154 952 1252 1014 inter-

128 1038 236 1119 ponite
246 1036 437 1119 prolationes
451 1056 534 1097 more
546 1035 736 1114 rabularum,
745 1033 861 1115 quibus
873 1036 1117 1118 procrastinatio
1131 1037 1145 1075 '³
1157 1037 1251 1116 litigii

127 1123 213 1186 lucro
243 1127 301 1198 est,
337 1123 390 1184 sed
422 1144 522 1202 usque
550 1126 581 1182 et
605 1142 704 1200 usque
738 1121 911 1203 depromite
946 1123 1053 1186 vinum
1090 1122 1250 1186 Minervae

130 1230 340 1272 romanae-ex
364 1207 442 1270 cella
467 1208 594 1282 musica,
619 1229 712 1288 quarn
738 1227 795 1286 ego
819 1207 888 1284 tibi,
913 1207 1048 1286 Urbane,
1066 1231 1127 1271 non
1146 1210 1252 1272 minus

127 1317 221 1378 qnam
247 1293 403 1376 publicam
427 1293 546 1356 ordinis
570 1292 780 1355 concreditam
805 1315 873 1356 esse
897 1293 978 1363 volo,
1002 1300 1038 1357 ut
1061 1295 1194 1358 salutem
1219 1303 1252 1358 te

128 1381 220 1444 latini
255 1380 381 1462 penoris
418 1400 560 1459 promum
597 1385 628 1441 et
661 1378 831 1441 collarium.
891 1379 977 1442 lledo
1013 1402 1062 1443 me
1094 1381 1126 1443 in
1161 1386 1251 1446 tuam

128 1467 289 1529 ditionem.
337 1466 383 1528 Ex
407 1463 513 1528 Gotha
535 1463 609 1527 stilo
632 1463 797 1528 subitario.

283 1565 343 1619 [od.
363 1565 428 1618 Frcf.
449 1565 489 1617 ⁶25.

128 1719 243 1789 (Gotha.)
662 1703 711 1766 90.
958 1721 1016 1785 (ror
1032 1720 1056 1773 8.
1075 1719 1145 1788 Sept.
1166 1721 1253 1787 1505.)

496 1829 641 1900 Mutian
665 1850 712 1899 an
737 1829 873 1900 Urban.

299 1961 418 2028 (Mation
436 1961 492 2012 ar'll
508 1960 565 2011 eine
584 1959 688 2028 I'rr‘drpt
705 1960 752 2027 [ἄν
779 1959 869 2013 Urbon
888 1959 1072 2026 ausorler'ten.)

194 2076 398 2126 Benevolenti
416 2088 471 2125 suo
489 2075 530 2124 Η.
548 2074 685 2133 Urbano,
703 2074 770 2124 viro
788 2074 979 2134 porliterato,
997 2075 1041 2124 Μ.
1059 2072 1169 2124 Rufus.

229 2188 260 2252 S.
310 2187 438 2271 appetit
461 2187 528 2249 dies
550 2184 711 2248 Marianae
739 2185 902 2266 partionis.
948 2184 1024 2266 Ego,
1057 2186 1133 2266 quia
1162 2207 1254 2249 meus

126 2295 159 2335 es
181 2274 379 2350 auxiliarius
403 2273 517 2337 nedum
551 2272 760 2345 consiliarius
792 2271 874 2335 dabo
907 2294 1081 2335 sermonem
1105 2278 1179 2334 ate
1203 2272 1253 2335 di-

125 2358 285 2424 cendam.²
331 2361 460 2424 Utinam
478 2360 527 2422 die
551 2359 644 2422 lunae
668 2359 843 2421 nuntiumc
871 2358 1029 2421 haberem.
1075 2357 1153 2420 Nam
1183 2381 1254 2422 cras

127 2451 201 2528 post
233 2447 391 2510 meridiem
422 2446 571 2527 incipiam
604 2466 799 2527 componere.
847 2448 926 2508 Ama
957 2468 1020 2508 rem
1051 2445 1194 2520 latinam,
1220 2446 1253 2507 in

125 2553 190 2613 qua
213 2553 322 2597 omnes
346 2533 448 2596 bonae
472 2533 581 2595 insunt
604 2536 696 2606 artes,
721 2536 811 2594 extra
834 2554 928 2613 quam
953 2532 1097 2613 quisquis
1120 2537 1178 2608 est,
1196 2553 1255 2617 pu·

125 2618 213 2682 tidus
237 2624 286 2684 est
308 2625 340 2683 et
362 2618 517 2682 barbarus
540 2623 572 2682 et
595 2623 730 2700 nugator
752 2617 897 2698 ignavus.
944 2617 1026 2682 Vale.

281 2719 342 2774 Cod.
361 2719 486 2774 Fara-1.

126 2873 241 2944 (notua.)
661 2856 712 2920 21.
907 2871 983 2941 (Aug.
1003 2873 1043 2926 od.
1062 2872 1132 2940 capr.
1154 2871 1255 2942 1505.)³

498 2985 641 3055 Mutian
664 3006 712 3055 an
736 2983 874 3054 Urban.

125 3114 197 3184 (Post
226 3114 257 3167 r'rr
283 3113 386 3181 Erfurt.
428 3114 531 3169 L'rlrans
561 3114 825 3251 ”iiiiirmfsiilfn
848 3115 891 3168 die
916 3114 1026 3182 Fupqrr.
1070 3113 1254 3182 ll'apmrmdurlr

159 3298 199 3348 H.
217 3298 345 3348 Urbano
364 3311 528 3349 oeconomo
548 3302 579 3349 et
595 3300 679 3360 patri
697 3299 829 3349 familias
847 3299 1088 3357 coenobitarum,
1106 3298 1205 3347 amieo

499 3386 690 3444 suavissimo,
707 3386 751 3435 Μ.
769 3383 878 3434 Rufus.

227 3494 258 3559 S.
304 3495 378 3559 Scio
401 3502 432 3559 et
455 3501 489 3560 tu
513 3497 584 3574 scia
608 3498 650 3559 mi
668 3496 803 3571 Urbano,
832 3518 924 3576 quam
944 3496 1062 3558 invitus
1078 3496 1204 3558 senecio
1219 3495 1253 3536 ‘¹‘

126 3582 261 3645 recedet.
307 3581 369 3645 Sed
403 3605 493 3665 spero
535 3584 695 3645 dominum
732 3582 878 3645 abbatem
914 3603 1095 3645 mansurum
1123 3582 1156 3643 ia
1180 3582 1252 3660 lide,

126 3668 266 3748 alioquin
292 3668 476 3748 Spoletinus
499 3691 613 3750 magna
636 3669 850 3731 sollieitudine.
873 3669 1059 3731 alliceretur.
1099 3667 1197 3746 lassi,
1216 3674 1254 3734 ut

126 3753 332 3836 Erphordiam
367 3756 555 3837 relinqueret
578 3762 606 3818 et
635 3756 717 3836 apud
752 3777 799 3816 mc
829 3755 868 3817 ad
901 3753 1051 3817 sollemne
1085 3752 1252 3819 Michaelis

127 3841 291 3903 desideret.
337 3840 416 3903 Nam
442 3843 513 3904 istic
530 3842 694 3924 pestilerae
712 3841 813 3903 febres
829 3847 859 3902 et
877 3840 1003 3903 lrulcera
1021 3840 1254 3906 carbunculata

126 3927 276 4007 plurimos
306 3929 501 3990 interimunt.
553 3927 617 3990 Nos
649 3928 784 3989 clemens
808 3927 909 3989 ambit
932 3936 993 3988 aar.
1040 3928 1138 4008 Spero
1162 3934 1194 3988 et
1219 3929 1252 3991 in

126 4012 331 4075 Convallibus
362 4015 426 4076 tuis
454 4014 580 4077 sufflare
612 4014 778 4093 benignam
809 4035 925 4075 auram.
980 4011 1025 4074 'l'u
1051 4013 1138 4075 cibos
1161 4019 1253 4078 aceto

127 4098 285 4179 perfunde.
333 4099 464 4162 lectuna
491 4101 637 4162 lrumoros
661 4122 723 4162 non
748 4099 869 4180 patitur
893 4097 985 4161 coire.
1033 4098 1195 4162 llabeatur
1219 4101 1253 4164 in

192 4274 352 4335 ataaquan.
423 4269 657 4335 bpnomastiarn-io.
729 4268 890 4319 crura-ian.
962 4271 974 4306 ¹¹
991 4267 1097 4319 scantia.

196 4339 203 4367 ¹
223 4336 288 4388 lliau
309 4338 488 4397 ultramrano,
508 4340 554 4389 dur
572 4336 775 4404 ttunrgnntlralor
794 4336 865 4389 llutu.
938 4340 946 4367 ²
969 4336 1027 4402 t'gl.
1046 4340 1071 4388 ὃ.
1091 4339 1106 4388 3
1126 4342 1156 4390 A.
1176 4341 1200 4390 3.

160 4404 169 4434 ³
188 4405 240 4457 llas
257 4405 322 4458 Jalu·
340 4407 402 4470 lnlgt
421 4407 469 4458 urit-
487 4407 633 4458 Sir-liorlreit
651 4423 698 4457 aus
723 4406 768 4457 der
792 4405 958 4470 llrwr'duurng
982 4407 1028 4456 der·
1052 4406 1120 4459 l’est.
1151 4408 1254 4461 welche

123 4473 160 4524 irn
180 4473 301 4527 Somnrer
321 4476 386 4529 1505
408 4477 434 4527 iu
459 4476 546 4528 Erfurt
569 4480 673 4526 rrt'rtnte.
711 4474 810 4526 llntian
835 4474 972 4529 surclrtetc,
1001 4475 1046 4526 dar·
1075 4476 1124 4527 ltu
1147 4477 1255 4530 rudohto

123 4541 294 4596 trinsiohtlich
313 4545 359 4598 dor
378 4545 510 4613 Beruluag
528 4544 657 4612 Spalatins
677 4543 773 4596 n'icdor
790 4543 965 4596 solru'ankcnrl
986 4544 1096 4597 n'arden.
1164 4545 1254 4615 ⁸ng

124 4610 166 4667 ΒΓ.
188 4613 227 4667 16.
