<?xml version="1.0" encoding="UTF-8"?>
<!DOCTYPE html PUBLIC "-//W3C//DTD XHTML 1.0 Transitional//EN"
    "http://www.w3.org/TR/xhtml1/DTD/xhtml1-transitional.dtd">
<html xmlns="http://www.w3.org/1999/xhtml" xml:lang="en" lang="en">
 <head>
  <title>
</title>
<meta http-equiv="Content-Type" content="text/html;charset=utf-8" />
  <meta name='ocr-system' content='tesseract 3.04.00' />
  <meta name='ocr-capabilities' content='ocr_page ocr_carea ocr_par ocr_line ocrx_word'/>
</head>
<body>
  <div class='ocr_page' id='page_1' title='image "./derbriefwechsel00kraugoog_0242.png"; bbox 0 0 2774 4966; ppageno 0'>
   <div class='ocr_carea' id='block_1_1' title="bbox 545 609 1261 677">
    <p class='ocr_par' dir='ltr' id='par_1_1' title="bbox 545 609 1261 677">
     <span class='ocr_line' id='line_1_1' title="bbox 545 609 1261 677; baseline 0 -1"><span class='ocrx_word' id='word_1_1' title='bbox 545 615 651 677; x_wconf 83' lang='lat' dir='ltr'>hlutlau</span> <span class='ocrx_word' id='word_1_2' title='bbox 668 636 704 673; x_wconf 90' lang='lat' dir='ltr'>an</span> <span class='ocrx_word' id='word_1_3' title='bbox 721 614 852 673; x_wconf 83' lang='lat' dir='ltr'>Herbord.</span> <span class='ocrx_word' id='word_1_4' title='bbox 1199 609 1261 676; x_wconf 84' lang='lat'>155</span> 
     </span>
    </p>
   </div>
   <div class='ocr_carea' id='block_1_2' title="bbox 30 784 1268 4032">
    <p class='ocr_par' dir='ltr' id='par_1_2' title="bbox 30 784 1268 4032">
     <span class='ocr_line' id='line_1_2' title="bbox 137 784 1263 873; baseline -0.008 -19"><span class='ocrx_word' id='word_1_5' title='bbox 137 790 281 856; x_wconf 89' lang='lat' dir='ltr'>similiter</span> <span class='ocrx_word' id='word_1_6' title='bbox 302 789 457 873; x_wconf 87' lang='lat' dir='ltr'>puniendi</span> <span class='ocrx_word' id='word_1_7' title='bbox 479 795 565 869; x_wconf 91' lang='lat' dir='ltr'>sunt,</span> <span class='ocrx_word' id='word_1_8' title='bbox 582 790 635 856; x_wconf 90' lang='lat' dir='ltr'>sed</span> <span class='ocrx_word' id='word_1_9' title='bbox 653 789 788 857; x_wconf 89' lang='lat' dir='ltr'>habetur</span> <span class='ocrx_word' id='word_1_10' title='bbox 804 795 835 854; x_wconf 92' lang='lat' dir='ltr'>et</span> <span class='ocrx_word' id='word_1_11' title='bbox 851 786 971 853; x_wconf 83' lang='lat' dir='ltr'><strong>ordinis</strong></span> <span class='ocrx_word' id='word_1_12' title='bbox 987 791 1018 850; x_wconf 90' lang='lat' dir='ltr'>et</span> <span class='ocrx_word' id='word_1_13' title='bbox 1034 784 1263 867; x_wconf 88' lang='lat' dir='ltr'>stipendiorum</span> 
     </span>
     <span class='ocr_line' id='line_1_3' title="bbox 136 873 1262 957; baseline -0.009 -18"><span class='ocrx_word' id='word_1_14' title='bbox 136 877 215 940; x_wconf 86' lang='lat' dir='ltr'>ratio</span> <span class='ocrx_word' id='word_1_15' title='bbox 237 882 272 940; x_wconf 90' lang='lat' dir='ltr'>et</span> <span class='ocrx_word' id='word_1_16' title='bbox 293 877 412 957; x_wconf 87' lang='lat' dir='ltr'>gradus</span> <span class='ocrx_word' id='word_1_17' title='bbox 435 876 578 942; x_wconf 89' lang='lat' dir='ltr'>militiae.</span> <span class='ocrx_word' id='word_1_18' title='bbox 624 873 737 941; x_wconf 83' lang='lat' dir='ltr'>Differt</span> <span class='ocrx_word' id='word_1_19' title='bbox 760 883 864 941; x_wconf 87' lang='lat' dir='ltr'>autem</span> <span class='ocrx_word' id='word_1_20' title='bbox 886 875 1027 937; x_wconf 76' lang='lat' dir='ltr'>desertor</span> <span class='ocrx_word' id='word_1_21' title='bbox 1043 873 1082 934; x_wconf 83' lang='lat' dir='ltr'>ab</span> <span class='ocrx_word' id='word_1_22' title='bbox 1100 891 1262 932; x_wconf 81' lang='lat' dir='ltr'>emansore</span> 
     </span>
     <span class='ocr_line' id='line_1_4' title="bbox 135 957 1263 1045; baseline -0.005 -22"><span class='ocrx_word' id='word_1_23' title='bbox 135 964 217 1026; x_wconf 85' lang='lat' dir='ltr'>sicut</span> <span class='ocrx_word' id='word_1_24' title='bbox 244 959 401 1044; x_wconf 82' lang='lat' dir='ltr'>fugitivus</span> <span class='ocrx_word' id='word_1_25' title='bbox 427 963 468 1027; x_wconf 86' lang='lat' dir='ltr'>ab</span> <span class='ocrx_word' id='word_1_26' title='bbox 495 982 614 1027; x_wconf 78' lang='lat' dir='ltr'>ertone.</span> <span class='ocrx_word' id='word_1_27' title='bbox 659 957 768 1027; x_wconf 85' lang='lat' dir='ltr'>Livius</span> <span class='ocrx_word' id='word_1_28' title='bbox 795 961 935 1045; x_wconf 85' lang='lat' dir='ltr'>prodidit</span> <span class='ocrx_word' id='word_1_29' title='bbox 967 981 1048 1028; x_wconf 91' lang='lat' dir='ltr'>eum,</span> <span class='ocrx_word' id='word_1_30' title='bbox 1083 958 1136 1036; x_wconf 88' lang='lat' dir='ltr'>qui</span> <span class='ocrx_word' id='word_1_31' title='bbox 1172 958 1263 1035; x_wconf 78' lang='lat' dir='ltr'>signa</span> 
     </span>
     <span class='ocr_line' id='line_1_5' title="bbox 134 1040 1262 1123; baseline -0.009 -12"><span class='ocrx_word' id='word_1_32' title='bbox 134 1045 333 1120; x_wconf 78' lang='lat' dir='ltr'>deseruisset,</span> <span class='ocrx_word' id='word_1_33' title='bbox 378 1047 568 1112; x_wconf 80' lang='lat' dir='ltr'><strong>fustuarium</strong></span> <span class='ocrx_word' id='word_1_34' title='bbox 615 1051 734 1112; x_wconf 88' lang='lat' dir='ltr'>mereri.</span> <span class='ocrx_word' id='word_1_35' title='bbox 795 1048 854 1123; x_wconf 78' lang='lat' dir='ltr'>Qui</span> <span class='ocrx_word' id='word_1_36' title='bbox 892 1045 1025 1108; x_wconf 89' lang='lat' dir='ltr'>militiae</span> <span class='ocrx_word' id='word_1_37' title='bbox 1070 1064 1184 1104; x_wconf 81' lang='lat' dir='ltr'>munus</span> <span class='ocrx_word' id='word_1_38' title='bbox 1223 1040 1262 1101; x_wconf 94' lang='lat' dir='ltr'>ob</span> 
     </span>
     <span class='ocr_line' id='line_1_6' title="bbox 134 1128 1264 1215; baseline -0.009 -20"><span class='ocrx_word' id='word_1_39' title='bbox 134 1129 335 1196; x_wconf 81' lang='lat' dir='ltr'>formidinem</span> <span class='ocrx_word' id='word_1_40' title='bbox 370 1133 657 1215; x_wconf 85' lang='lat' dir='ltr'>subterfugiebant,</span> <span class='ocrx_word' id='word_1_41' title='bbox 692 1135 777 1197; x_wconf 87' lang='lat' dir='ltr'>soliti</span> <span class='ocrx_word' id='word_1_42' title='bbox 808 1144 899 1195; x_wconf 87' lang='lat' dir='ltr'>erant</span> <span class='ocrx_word' id='word_1_43' title='bbox 928 1131 989 1192; x_wconf 88' lang='lat' dir='ltr'>sibi</span> <span class='ocrx_word' id='word_1_44' title='bbox 1022 1128 1151 1208; x_wconf 84' lang='lat' dir='ltr'>pollices</span> <span class='ocrx_word' id='word_1_45' title='bbox 1176 1149 1264 1207; x_wconf 80' lang='lat' dir='ltr'>prae-</span> 
     </span>
     <span class='ocr_line' id='line_1_7' title="bbox 135 1213 1264 1302; baseline -0.008 -21"><span class='ocrx_word' id='word_1_46' title='bbox 135 1218 248 1294; x_wconf 88' lang='lat' dir='ltr'>cidere,</span> <span class='ocrx_word' id='word_1_47' title='bbox 286 1223 441 1298; x_wconf 86' lang='lat' dir='ltr'>tanquam</span> <span class='ocrx_word' id='word_1_48' title='bbox 479 1219 584 1283; x_wconf 90' lang='lat' dir='ltr'>idonei</span> <span class='ocrx_word' id='word_1_49' title='bbox 621 1220 759 1302; x_wconf 89' lang='lat' dir='ltr'>amplius</span> <span class='ocrx_word' id='word_1_50' title='bbox 797 1219 925 1281; x_wconf 92' lang='lat' dir='ltr'>minime</span> <span class='ocrx_word' id='word_1_51' title='bbox 962 1215 1065 1279; x_wconf 85' lang='lat' dir='ltr'>forent</span> <span class='ocrx_word' id='word_1_52' title='bbox 1102 1213 1141 1275; x_wconf 88' lang='lat' dir='ltr'>ad</span> <span class='ocrx_word' id='word_1_53' title='bbox 1177 1232 1264 1273; x_wconf 87' lang='lat' dir='ltr'>arma</span> 
     </span>
     <span class='ocr_line' id='line_1_8' title="bbox 132 1292 1261 1384; baseline -0.008 -17"><span class='ocrx_word' id='word_1_54' title='bbox 132 1302 312 1367; x_wconf 83' lang='lat' dir='ltr'>tractanda.</span> <span class='ocrx_word' id='word_1_55' title='bbox 357 1302 441 1384; x_wconf 85' lang='lat' dir='ltr'>Lege</span> <span class='ocrx_word' id='word_1_56' title='bbox 472 1303 643 1367; x_wconf 86' lang='lat' dir='ltr'>Valerium¹</span> <span class='ocrx_word' id='word_1_57' title='bbox 668 1310 700 1368; x_wconf 91' lang='lat' dir='ltr'>et</span> <span class='ocrx_word' id='word_1_58' title='bbox 722 1300 965 1366; x_wconf 86' lang='lat' dir='ltr'>Marcellinum.²</span> <span class='ocrx_word' id='word_1_59' title='bbox 1011 1298 1121 1361; x_wconf 88' lang='lat' dir='ltr'>Cicero</span> <span class='ocrx_word' id='word_1_60' title='bbox 1152 1292 1261 1375; x_wconf 85' lang='lat' dir='ltr'>,octo“</span> 
     </span>
     <span class='ocr_line' id='line_1_9' title="bbox 132 1384 1265 1471; baseline -0.007 -20"><span class='ocrx_word' id='word_1_61' title='bbox 132 1389 240 1470; x_wconf 90' lang='lat' dir='ltr'>inquit</span> <span class='ocrx_word' id='word_1_62' title='bbox 268 1409 458 1471; x_wconf 87' lang='lat' dir='ltr'>,poenarum</span> <span class='ocrx_word' id='word_1_63' title='bbox 489 1410 605 1469; x_wconf 87' lang='lat' dir='ltr'>genera</span> <span class='ocrx_word' id='word_1_64' title='bbox 629 1392 661 1452; x_wconf 93' lang='lat' dir='ltr'>in</span> <span class='ocrx_word' id='word_1_65' title='bbox 700 1390 823 1469; x_wconf 88' lang='lat' dir='ltr'>legibus</span> <span class='ocrx_word' id='word_1_66' title='bbox 857 1390 1077 1451; x_wconf 89' lang='lat' dir='ltr'>continentur:</span> <span class='ocrx_word' id='word_1_67' title='bbox 1104 1384 1265 1457; x_wconf 89' lang='lat' dir='ltr'>damnum,</span> 
     </span>
     <span class='ocr_line' id='line_1_10' title="bbox 132 1464 1263 1555; baseline -0.004 -22"><span class='ocrx_word' id='word_1_68' title='bbox 132 1472 272 1549; x_wconf 84' lang='lat' dir='ltr'>vincula,</span> <span class='ocrx_word' id='word_1_69' title='bbox 281 1473 422 1549; x_wconf 87' lang='lat' dir='ltr'>verbera,</span> <span class='ocrx_word' id='word_1_70' title='bbox 431 1475 577 1549; x_wconf 90' lang='lat' dir='ltr'>taliones,</span> <span class='ocrx_word' id='word_1_71' title='bbox 587 1476 790 1555; x_wconf 86' lang='lat' dir='ltr'>ignominiae.</span> <span class='ocrx_word' id='word_1_72' title='bbox 802 1473 906 1547; x_wconf 82' lang='lat' dir='ltr'>exilia,</span> <span class='ocrx_word' id='word_1_73' title='bbox 916 1472 1068 1535; x_wconf 89' lang='lat' dir='ltr'>servitute</span> <span class='ocrx_word' id='word_1_74' title='bbox 1077 1474 1124 1530; x_wconf 89' lang='lat' dir='ltr'>set</span> <span class='ocrx_word' id='word_1_75' title='bbox 1134 1464 1263 1529; x_wconf 82' lang='lat' dir='ltr'>mors.“⁸</span> 
     </span>
     <span class='ocr_line' id='line_1_11' title="bbox 131 1554 1265 1641; baseline -0.009 -17"><span class='ocrx_word' id='word_1_76' title='bbox 131 1557 290 1641; x_wconf 84' lang='lat' dir='ltr'>Ulpianus</span> <span class='ocrx_word' id='word_1_77' title='bbox 313 1559 409 1623; x_wconf 87' lang='lat' dir='ltr'>titulo</span> <span class='ocrx_word' id='word_1_78' title='bbox 435 1559 512 1637; x_wconf 77' lang='lat' dir='ltr'>„Qui</span> <span class='ocrx_word' id='word_1_79' title='bbox 537 1567 689 1623; x_wconf 87' lang='lat' dir='ltr'>notantur</span> <span class='ocrx_word' id='word_1_80' title='bbox 711 1559 861 1622; x_wconf 83' lang='lat' dir='ltr'>infamia“</span> <span class='ocrx_word' id='word_1_81' title='bbox 882 1565 1018 1621; x_wconf 85' lang='lat' dir='ltr'>testatur</span> <span class='ocrx_word' id='word_1_82' title='bbox 1034 1554 1135 1617; x_wconf 88' lang='lat' dir='ltr'>multa</span> <span class='ocrx_word' id='word_1_83' title='bbox 1149 1574 1265 1633; x_wconf 88' lang='lat' dir='ltr'>genera</span> 
     </span>
     <span class='ocr_line' id='line_1_12' title="bbox 132 1637 1263 1724; baseline -0.003 -19"><span class='ocrx_word' id='word_1_84' title='bbox 132 1665 203 1708; x_wconf 85' lang='lat' dir='ltr'>esse</span> <span class='ocrx_word' id='word_1_85' title='bbox 238 1644 436 1707; x_wconf 80' lang='lat' dir='ltr'>missionum.</span> <span class='ocrx_word' id='word_1_86' title='bbox 484 1644 539 1707; x_wconf 84' lang='lat' dir='ltr'>Est</span> <span class='ocrx_word' id='word_1_87' title='bbox 573 1644 716 1720; x_wconf 87' lang='lat' dir='ltr'>honesta,</span> <span class='ocrx_word' id='word_1_88' title='bbox 750 1645 902 1720; x_wconf 81' lang='lat' dir='ltr'>causaris,</span> <span class='ocrx_word' id='word_1_89' title='bbox 934 1641 1155 1724; x_wconf 88' lang='lat' dir='ltr'>ignominiosa.</span> <span class='ocrx_word' id='word_1_90' title='bbox 1202 1637 1263 1702; x_wconf 87' lang='lat' dir='ltr'>Sed</span> 
     </span>
     <span class='ocr_line' id='line_1_13' title="bbox 133 1726 1265 1806; baseline -0.005 -14"><span class='ocrx_word' id='word_1_91' title='bbox 133 1735 174 1792; x_wconf 88' lang='lat' dir='ltr'>ut</span> <span class='ocrx_word' id='word_1_92' title='bbox 195 1728 324 1792; x_wconf 86' lang='lat' dir='ltr'>tandem</span> <span class='ocrx_word' id='word_1_93' title='bbox 350 1729 515 1793; x_wconf 86' lang='lat' dir='ltr'>veniamus</span> <span class='ocrx_word' id='word_1_94' title='bbox 537 1730 576 1793; x_wconf 89' lang='lat' dir='ltr'>ad</span> <span class='ocrx_word' id='word_1_95' title='bbox 601 1731 774 1794; x_wconf 82' lang='lat' dir='ltr'><strong>clausulam</strong></span> <span class='ocrx_word' id='word_1_96' title='bbox 799 1730 828 1792; x_wconf 87' lang='lat' dir='ltr'>lr.</span> <span class='ocrx_word' id='word_1_97' title='bbox 854 1752 879 1791; x_wconf 91' lang='lat' dir='ltr'>e.</span> <span class='ocrx_word' id='word_1_98' title='bbox 904 1727 1137 1791; x_wconf 88' lang='lat' dir='ltr'>conclusionem</span> <span class='ocrx_word' id='word_1_99' title='bbox 1171 1726 1265 1806; x_wconf 85' lang='lat' dir='ltr'>hujne</span> 
     </span>
     <span class='ocr_line' id='line_1_14' title="bbox 134 1813 1264 1896; baseline -0.002 -21"><span class='ocrx_word' id='word_1_100' title='bbox 134 1815 346 1896; x_wconf 75' lang='lat' dir='ltr'>quaestionis.</span> <span class='ocrx_word' id='word_1_101' title='bbox 371 1816 418 1878; x_wconf 88' lang='lat' dir='ltr'>sic</span> <span class='ocrx_word' id='word_1_102' title='bbox 440 1815 655 1879; x_wconf 88' lang='lat' dir='ltr'>decernimus:</span> <span class='ocrx_word' id='word_1_103' title='bbox 679 1817 765 1879; x_wconf 86' lang='lat' dir='ltr'>ntis</span> <span class='ocrx_word' id='word_1_104' title='bbox 788 1816 830 1877; x_wconf 90' lang='lat' dir='ltr'>sit</span> <span class='ocrx_word' id='word_1_105' title='bbox 853 1814 1008 1895; x_wconf 88' lang='lat' dir='ltr'>spoliatus</span> <span class='ocrx_word' id='word_1_106' title='bbox 1031 1813 1157 1892; x_wconf 88' lang='lat' dir='ltr'>cingulo</span> <span class='ocrx_word' id='word_1_107' title='bbox 1182 1813 1264 1875; x_wconf 93' lang='lat' dir='ltr'>mili-</span> 
     </span>
     <span class='ocr_line' id='line_1_15' title="bbox 130 1899 1264 1982; baseline -0.003 -20"><span class='ocrx_word' id='word_1_108' title='bbox 130 1900 206 1973; x_wconf 89' lang='lat' dir='ltr'>tari,</span> <span class='ocrx_word' id='word_1_109' title='bbox 229 1902 285 1980; x_wconf 90' lang='lat' dir='ltr'>qui</span> <span class='ocrx_word' id='word_1_110' title='bbox 308 1900 356 1963; x_wconf 86' lang='lat' dir='ltr'>vel</span> <span class='ocrx_word' id='word_1_111' title='bbox 379 1901 574 1982; x_wconf 86' lang='lat' dir='ltr'>ignominiae</span> <span class='ocrx_word' id='word_1_112' title='bbox 604 1923 699 1964; x_wconf 88' lang='lat' dir='ltr'>causa</span> <span class='ocrx_word' id='word_1_113' title='bbox 723 1902 838 1964; x_wconf 89' lang='lat' dir='ltr'>missus</span> <span class='ocrx_word' id='word_1_114' title='bbox 861 1904 962 1963; x_wconf 89' lang='lat' dir='ltr'>estet</span> <span class='ocrx_word' id='word_1_115' title='bbox 985 1899 1078 1980; x_wconf 88' lang='lat' dir='ltr'>quasi</span> <span class='ocrx_word' id='word_1_116' title='bbox 1104 1899 1264 1977; x_wconf 86' lang='lat' dir='ltr'>relegatus</span> 
     </span>
     <span class='ocr_line' id='line_1_16' title="bbox 30 1984 1266 2066; baseline -0.002 -18"><span class='ocrx_word' id='word_1_117' title='bbox 30 2050 34 2055; x_wconf 76' lang='grc'>,</span> <span class='ocrx_word' id='word_1_118' title='bbox 130 2006 200 2048; x_wconf 92' lang='lat' dir='ltr'>non</span> <span class='ocrx_word' id='word_1_119' title='bbox 224 1985 294 2048; x_wconf 90' lang='lat' dir='ltr'>dico</span> <span class='ocrx_word' id='word_1_120' title='bbox 318 1985 349 2048; x_wconf 92' lang='lat' dir='ltr'>in</span> <span class='ocrx_word' id='word_1_121' title='bbox 375 1984 535 2049; x_wconf 87' lang='lat' dir='ltr'>metallum</span> <span class='ocrx_word' id='word_1_122' title='bbox 561 2021 602 2029; x_wconf 94' lang='lat'>--</span> <span class='ocrx_word' id='word_1_123' title='bbox 627 1986 715 2050; x_wconf 86' lang='lat' dir='ltr'>miles</span> <span class='ocrx_word' id='word_1_124' title='bbox 738 1986 820 2048; x_wconf 92' lang='lat' dir='ltr'>enim</span> <span class='ocrx_word' id='word_1_125' title='bbox 846 2008 947 2066; x_wconf 86' lang='lat' dir='ltr'>neque</span> <span class='ocrx_word' id='word_1_126' title='bbox 971 1989 1137 2065; x_wconf 89' lang='lat' dir='ltr'>torquetur</span> <span class='ocrx_word' id='word_1_127' title='bbox 1163 2004 1266 2063; x_wconf 89' lang='lat' dir='ltr'>neque</span> 
     </span>
     <span class='ocr_line' id='line_1_17' title="bbox 130 2068 1264 2152; baseline -0.002 -20"><span class='ocrx_word' id='word_1_128' title='bbox 130 2071 166 2132; x_wconf 92' lang='lat' dir='ltr'>in</span> <span class='ocrx_word' id='word_1_129' title='bbox 191 2091 273 2151; x_wconf 90' lang='lat' dir='ltr'>opus</span> <span class='ocrx_word' id='word_1_130' title='bbox 295 2071 417 2135; x_wconf 88' lang='lat' dir='ltr'>metalli</span> <span class='ocrx_word' id='word_1_131' title='bbox 439 2076 496 2135; x_wconf 88' lang='lat' dir='ltr'>aut</span> <span class='ocrx_word' id='word_1_132' title='bbox 518 2073 549 2134; x_wconf 92' lang='lat' dir='ltr'>in</span> <span class='ocrx_word' id='word_1_133' title='bbox 574 2072 738 2135; x_wconf 79' lang='lat' dir='ltr'>metallum</span> <span class='ocrx_word' id='word_1_134' title='bbox 754 2072 893 2152; x_wconf 64' lang='lat' dir='ltr'>legatum</span> <span class='ocrx_word' id='word_1_135' title='bbox 909 2071 1031 2144; x_wconf 91' lang='lat' dir='ltr'>dubito,</span> <span class='ocrx_word' id='word_1_136' title='bbox 1047 2093 1087 2132; x_wconf 90' lang='lat' dir='ltr'>an</span> <span class='ocrx_word' id='word_1_137' title='bbox 1105 2068 1264 2149; x_wconf 87' lang='lat' dir='ltr'>deportari</span> 
     </span>
     <span class='ocr_line' id='line_1_18' title="bbox 130 2155 1265 2238; baseline -0.003 -19"><span class='ocrx_word' id='word_1_138' title='bbox 130 2157 239 2237; x_wconf 82' lang='lat' dir='ltr'>possit</span> <span class='ocrx_word' id='word_1_139' title='bbox 258 2190 300 2201; x_wconf 87' lang='lat'>·-</span> <span class='ocrx_word' id='word_1_140' title='bbox 322 2156 372 2219; x_wconf 84' lang='lat' dir='ltr'>vel</span> <span class='ocrx_word' id='word_1_141' title='bbox 396 2158 449 2221; x_wconf 90' lang='lat' dir='ltr'>cui</span> <span class='ocrx_word' id='word_1_142' title='bbox 469 2164 599 2238; x_wconf 80' lang='lat' dir='ltr'>torques</span> <span class='ocrx_word' id='word_1_143' title='bbox 622 2162 654 2220; x_wconf 92' lang='lat' dir='ltr'>et</span> <span class='ocrx_word' id='word_1_144' title='bbox 677 2157 849 2237; x_wconf 81' lang='lat' dir='ltr'>cingulum,</span> <span class='ocrx_word' id='word_1_145' title='bbox 867 2156 951 2218; x_wconf 89' lang='lat' dir='ltr'>dona</span> <span class='ocrx_word' id='word_1_146' title='bbox 967 2156 1088 2218; x_wconf 89' lang='lat' dir='ltr'>scilicet</span> <span class='ocrx_word' id='word_1_147' title='bbox 1105 2155 1265 2230; x_wconf 88' lang='lat' dir='ltr'>militaria,</span> 
     </span>
     <span class='ocr_line' id='line_1_19' title="bbox 129 2240 1263 2324; baseline -0.002 -21"><span class='ocrx_word' id='word_1_148' title='bbox 129 2241 264 2304; x_wconf 86' lang='lat' dir='ltr'>ademta</span> <span class='ocrx_word' id='word_1_149' title='bbox 295 2241 501 2324; x_wconf 85' lang='lat' dir='ltr'>detractaque</span> <span class='ocrx_word' id='word_1_150' title='bbox 534 2248 619 2306; x_wconf 88' lang='lat' dir='ltr'>sunt.</span> <span class='ocrx_word' id='word_1_151' title='bbox 665 2242 771 2305; x_wconf 87' lang='lat' dir='ltr'>ltlinus</span> <span class='ocrx_word' id='word_1_152' title='bbox 807 2242 916 2321; x_wconf 89' lang='lat' dir='ltr'>putavi</span> <span class='ocrx_word' id='word_1_153' title='bbox 940 2241 1112 2305; x_wconf 88' lang='lat' dir='ltr'>absurdum</span> <span class='ocrx_word' id='word_1_154' title='bbox 1137 2240 1212 2315; x_wconf 87' lang='lat' dir='ltr'>fors,</span> <span class='ocrx_word' id='word_1_155' title='bbox 1236 2240 1263 2302; x_wconf 86' lang='lat' dir='ltr'>si</span> 
     </span>
     <span class='ocr_line' id='line_1_20' title="bbox 131 2325 1263 2409; baseline -0.003 -19"><span class='ocrx_word' id='word_1_156' title='bbox 131 2331 242 2390; x_wconf 70' lang='lat' dir='ltr'>cetera</span> <span class='ocrx_word' id='word_1_157' title='bbox 264 2332 391 2391; x_wconf 89' lang='lat' dir='ltr'>tuarum</span> <span class='ocrx_word' id='word_1_158' title='bbox 416 2329 701 2409; x_wconf 79' lang='lat' dir='ltr'>interrogationum</span> <span class='ocrx_word' id='word_1_159' title='bbox 725 2328 831 2409; x_wconf 89' lang='lat' dir='ltr'>capita</span> <span class='ocrx_word' id='word_1_160' title='bbox 854 2327 1049 2409; x_wconf 89' lang='lat' dir='ltr'>replicarem,</span> <span class='ocrx_word' id='word_1_161' title='bbox 1079 2325 1263 2408; x_wconf 88' lang='lat' dir='ltr'>praesertim</span> 
     </span>
     <span class='ocr_line' id='line_1_21' title="bbox 129 2400 1267 2496; baseline -0.001 -21"><span class='ocrx_word' id='word_1_162' title='bbox 129 2435 181 2489; x_wconf 86' lang='lat' dir='ltr'>ea,</span> <span class='ocrx_word' id='word_1_163' title='bbox 215 2434 298 2494; x_wconf 85' lang='lat' dir='ltr'>qnae</span> <span class='ocrx_word' id='word_1_164' title='bbox 331 2414 454 2478; x_wconf 85' lang='lat' dir='ltr'>intacta</span> <span class='ocrx_word' id='word_1_165' title='bbox 490 2415 746 2496; x_wconf 87' lang='lat' dir='ltr'>inexplicataque</span> <span class='ocrx_word' id='word_1_166' title='bbox 783 2417 868 2476; x_wconf 91' lang='lat' dir='ltr'>sunt.</span> <span class='ocrx_word' id='word_1_167' title='bbox 932 2400 1146 2495; x_wconf 55' lang='lat' dir='ltr'>&#39;frequenter</span> <span class='ocrx_word' id='word_1_168' title='bbox 1168 2411 1267 2474; x_wconf 90' lang='lat' dir='ltr'>latine</span> 
     </span>
     <span class='ocr_line' id='line_1_22' title="bbox 130 2487 1261 2591; baseline -0.001 -30"><span class='ocrx_word' id='word_1_169' title='bbox 130 2497 280 2591; x_wconf 72' lang='lat' dir='ltr'>pontifex</span> <span class='ocrx_word' id='word_1_170' title='bbox 293 2498 421 2575; x_wconf 88' lang='lat' dir='ltr'>dicitur,</span> <span class='ocrx_word' id='word_1_171' title='bbox 436 2491 602 2584; x_wconf 74' lang='grc' dir='ltr'><strong><em>ἱερατικός</em></strong></span> <span class='ocrx_word' id='word_1_172' title='bbox 614 2506 766 2575; x_wconf 77' lang='lat' dir='ltr'>sacratus,</span> <span class='ocrx_word' id='word_1_173' title='bbox 779 2494 867 2579; x_wconf 78' lang='lat' dir='ltr'>lepte</span> <span class='ocrx_word' id='word_1_174' title='bbox 884 2499 931 2562; x_wconf 87' lang='lat' dir='ltr'>vel</span> <span class='ocrx_word' id='word_1_175' title='bbox 947 2487 1081 2582; x_wconf 69' lang='lat' dir='ltr'>tepu&#39;eb</span> <span class='ocrx_word' id='word_1_176' title='bbox 1105 2497 1261 2574; x_wconf 86' lang='lat' dir='ltr'>sacerdos,</span> 
     </span>
     <span class='ocr_line' id='line_1_23' title="bbox 130 2583 1265 2666; baseline 0 -21"><span class='ocrx_word' id='word_1_177' title='bbox 130 2584 356 2666; x_wconf 76' lang='grc' dir='ltr'>αρχιεροντεῖς</span> <span class='ocrx_word' id='word_1_178' title='bbox 379 2586 398 2647; x_wconf 91' lang='lat' dir='ltr'>i.</span> <span class='ocrx_word' id='word_1_179' title='bbox 422 2607 448 2650; x_wconf 91' lang='lat' dir='ltr'>e.</span> <span class='ocrx_word' id='word_1_180' title='bbox 480 2585 748 2650; x_wconf 81' lang='lat' dir='ltr'>archimandritae</span> <span class='ocrx_word' id='word_1_181' title='bbox 777 2607 832 2647; x_wconf 91' lang='lat' dir='ltr'>seu</span> <span class='ocrx_word' id='word_1_182' title='bbox 863 2584 1136 2666; x_wconf 78' lang='lat' dir='ltr'>archipresbyteri.</span> <span class='ocrx_word' id='word_1_183' title='bbox 1185 2583 1265 2663; x_wconf 83' lang='lat' dir='ltr'>Ergo</span> 
     </span>
     <span class='ocr_line' id='line_1_24' title="bbox 130 2668 1265 2765; baseline -0.001 -32"><span class='ocrx_word' id='word_1_184' title='bbox 130 2669 352 2765; x_wconf 39' lang='lat' dir='ltr'>scribendum,</span> <span class='ocrx_word' id='word_1_185' title='bbox 376 2676 426 2734; x_wconf 90' lang='lat' dir='ltr'>est</span> <span class='ocrx_word' id='word_1_186' title='bbox 462 2671 687 2747; x_wconf 90' lang='lat' dir='ltr'>archierontes‚</span> <span class='ocrx_word' id='word_1_187' title='bbox 727 2692 790 2734; x_wconf 92' lang='lat' dir='ltr'>non</span> <span class='ocrx_word' id='word_1_188' title='bbox 828 2668 1091 2751; x_wconf 79' lang='lat' dir='ltr'>archigerontes⁴.</span> <span class='ocrx_word' id='word_1_189' title='bbox 1152 2669 1265 2732; x_wconf 91' lang='lat' dir='ltr'>Hieros</span> 
     </span>
     <span class='ocr_line' id='line_1_25' title="bbox 130 2756 1264 2840; baseline 0.001 -23"><span class='ocrx_word' id='word_1_190' title='bbox 130 2776 232 2829; x_wconf 89' lang='lat' dir='ltr'>sacer,</span> <span class='ocrx_word' id='word_1_191' title='bbox 270 2775 373 2838; x_wconf 72' lang='grc' dir='ltr'><strong><em>αρχος</em></strong></span> <span class='ocrx_word' id='word_1_192' title='bbox 412 2757 567 2840; x_wconf 85' lang='lat' dir='ltr'>princepe.</span> <span class='ocrx_word' id='word_1_193' title='bbox 623 2757 858 2837; x_wconf 84' lang='lat' dir='ltr'>Hierophantae</span> <span class='ocrx_word' id='word_1_194' title='bbox 905 2756 1156 2831; x_wconf 74' lang='lat' dir='ltr'>Atheniensium,</span> <span class='ocrx_word' id='word_1_195' title='bbox 1201 2776 1264 2836; x_wconf 90' lang='lat' dir='ltr'>quo</span> 
     </span>
     <span class='ocr_line' id='line_1_26' title="bbox 89 2841 1267 2925; baseline -0.002 -20"><span class='ocrx_word' id='word_1_196' title='bbox 89 2850 94 2857; x_wconf 90' lang='grc'><strong>’</strong></span> <span class='ocrx_word' id='word_1_197' title='bbox 130 2841 257 2905; x_wconf 86' lang='lat' dir='ltr'>castius</span> <span class='ocrx_word' id='word_1_198' title='bbox 294 2842 394 2905; x_wconf 89' lang='lat' dir='ltr'>sacris</span> <span class='ocrx_word' id='word_1_199' title='bbox 432 2843 609 2925; x_wconf 85' lang='lat' dir='ltr'>divinisque</span> <span class='ocrx_word' id='word_1_200' title='bbox 647 2842 741 2905; x_wconf 90' lang='lat' dir='ltr'>rebus</span> <span class='ocrx_word' id='word_1_201' title='bbox 778 2848 992 2923; x_wconf 81' lang='lat' dir='ltr'>operarentur,</span> <span class='ocrx_word' id='word_1_202' title='bbox 1032 2845 1267 2905; x_wconf 90' lang='lat' dir='ltr'>consueverunt</span> 
     </span>
     <span class='ocr_line' id='line_1_27' title="bbox 130 2925 1266 3010; baseline -0.001 -20"><span class='ocrx_word' id='word_1_203' title='bbox 130 2925 311 2990; x_wconf 83' lang='lat' dir='ltr'>sorbitione</span> <span class='ocrx_word' id='word_1_204' title='bbox 333 2926 484 2991; x_wconf 75' lang='lat' dir='ltr'>cicutae⁰</span> <span class='ocrx_word' id='word_1_205' title='bbox 506 2950 541 2992; x_wconf 87' lang='lat' dir='ltr'>se</span> <span class='ocrx_word' id='word_1_206' title='bbox 563 2933 651 3010; x_wconf 88' lang='lat' dir='ltr'>ipsos</span> <span class='ocrx_word' id='word_1_207' title='bbox 673 2934 811 2991; x_wconf 87' lang='lat' dir='ltr'>castrare</span> <span class='ocrx_word' id='word_1_208' title='bbox 835 2933 917 2991; x_wconf 88' lang='lat' dir='ltr'>teste</span> <span class='ocrx_word' id='word_1_209' title='bbox 933 2928 1134 3010; x_wconf 84' lang='lat' dir='ltr'>Hieronymo.</span> <span class='ocrx_word' id='word_1_210' title='bbox 1174 2926 1266 2990; x_wconf 91' lang='lat' dir='ltr'>Potio</span> 
     </span>
     <span class='ocr_line' id='line_1_28' title="bbox 130 3012 1265 3096; baseline 0 -22"><span class='ocrx_word' id='word_1_211' title='bbox 130 3017 242 3075; x_wconf 87' lang='lat' dir='ltr'>autem</span> <span class='ocrx_word' id='word_1_212' title='bbox 276 3012 400 3076; x_wconf 86' lang='lat' dir='ltr'>cicutae</span> <span class='ocrx_word' id='word_1_213' title='bbox 430 3012 600 3094; x_wconf 77' lang='lat' dir='ltr'>frigoritica</span> <span class='ocrx_word' id='word_1_214' title='bbox 630 3017 680 3077; x_wconf 90' lang='lat' dir='ltr'>est</span> <span class='ocrx_word' id='word_1_215' title='bbox 702 3017 735 3076; x_wconf 90' lang='lat' dir='ltr'>et</span> <span class='ocrx_word' id='word_1_216' title='bbox 757 3014 918 3095; x_wconf 86' lang='lat' dir='ltr'>nequitiae</span> <span class='ocrx_word' id='word_1_217' title='bbox 956 3014 1194 3096; x_wconf 88' lang='lat' dir='ltr'>voluptatisque</span> <span class='ocrx_word' id='word_1_218' title='bbox 1216 3012 1265 3074; x_wconf 94' lang='lat' dir='ltr'>in-</span> 
     </span>
     <span class='ocr_line' id='line_1_29' title="bbox 130 3097 1266 3180; baseline -0.002 -19"><span class='ocrx_word' id='word_1_219' title='bbox 130 3097 312 3161; x_wconf 75' lang='lat' dir='ltr'>senilium*¹</span> <span class='ocrx_word' id='word_1_220' title='bbox 338 3097 443 3162; x_wconf 80' lang='lat' dir='ltr'>aufert</span> <span class='ocrx_word' id='word_1_221' title='bbox 468 3098 618 3180; x_wconf 87' lang='lat' dir='ltr'>tollitque</span> <span class='ocrx_word' id='word_1_222' title='bbox 646 3099 789 3160; x_wconf 87' lang='lat' dir='ltr'>venerias</span> <span class='ocrx_word' id='word_1_223' title='bbox 818 3099 1030 3161; x_wconf 85' lang='lat' dir='ltr'>titillationes.</span> <span class='ocrx_word' id='word_1_224' title='bbox 1075 3099 1110 3161; x_wconf 93' lang='lat' dir='ltr'>ln</span> <span class='ocrx_word' id='word_1_225' title='bbox 1140 3097 1266 3161; x_wconf 92' lang='lat' dir='ltr'>christi-</span> 
     </span>
     <span class='ocr_line' id='line_1_30' title="bbox 130 3182 1267 3266; baseline -0.002 -19"><span class='ocrx_word' id='word_1_226' title='bbox 130 3182 205 3247; x_wconf 86' lang='lat' dir='ltr'>anis</span> <span class='ocrx_word' id='word_1_227' title='bbox 228 3184 326 3246; x_wconf 87' lang='lat' dir='ltr'>sacris</span> <span class='ocrx_word' id='word_1_228' title='bbox 357 3189 464 3247; x_wconf 87' lang='lat' dir='ltr'>aetate</span> <span class='ocrx_word' id='word_1_229' title='bbox 497 3192 606 3248; x_wconf 89' lang='lat' dir='ltr'>nostra</span> <span class='ocrx_word' id='word_1_230' title='bbox 638 3186 811 3265; x_wconf 86' lang='lat' dir='ltr'>turpiorem</span> <span class='ocrx_word' id='word_1_231' title='bbox 846 3184 1010 3247; x_wconf 87' lang='lat' dir='ltr'>libidinem</span> <span class='ocrx_word' id='word_1_232' title='bbox 1048 3185 1267 3266; x_wconf 87' lang='lat' dir='ltr'>pruritumque</span> 
     </span>
     <span class='ocr_line' id='line_1_31' title="bbox 132 3267 1265 3358; baseline -0.001 -28"><span class='ocrx_word' id='word_1_233' title='bbox 132 3267 348 3332; x_wconf 90' lang='lat' dir='ltr'>membrorum</span> <span class='ocrx_word' id='word_1_234' title='bbox 373 3270 656 3352; x_wconf 87' lang='lat' dir='ltr'>quadragesimalis</span> <span class='ocrx_word' id='word_1_235' title='bbox 680 3270 764 3358; x_wconf 81' lang='lat' dir='ltr'>haec</span> <span class='ocrx_word' id='word_1_236' title='bbox 780 3270 958 3332; x_wconf 89' lang='lat' dir='ltr'>ceremonia</span> <span class='ocrx_word' id='word_1_237' title='bbox 981 3271 1090 3332; x_wconf 91' lang='lat' dir='ltr'>domat</span> <span class='ocrx_word' id='word_1_238' title='bbox 1112 3275 1209 3350; x_wconf 90' lang='lat' dir='ltr'>atque</span> <span class='ocrx_word' id='word_1_239' title='bbox 1224 3267 1265 3331; x_wconf 95' lang='lat' dir='ltr'>ob</span> 
     </span>
     <span class='ocr_line' id='line_1_32' title="bbox 130 3354 1265 3430; baseline -0.001 -13"><span class='ocrx_word' id='word_1_240' title='bbox 130 3374 205 3417; x_wconf 88' lang='lat' dir='ltr'>eam</span> <span class='ocrx_word' id='word_1_241' title='bbox 244 3375 307 3418; x_wconf 88' lang='lat' dir='ltr'>rem</span> <span class='ocrx_word' id='word_1_242' title='bbox 347 3355 497 3419; x_wconf 82' lang='lat' dir='ltr'>instituta</span> <span class='ocrx_word' id='word_1_243' title='bbox 539 3356 672 3430; x_wconf 89' lang='lat' dir='ltr'>videtur,</span> <span class='ocrx_word' id='word_1_244' title='bbox 707 3359 743 3416; x_wconf 89' lang='lat' dir='ltr'>ut</span> <span class='ocrx_word' id='word_1_245' title='bbox 772 3360 859 3417; x_wconf 88' lang='lat' dir='ltr'>caste</span> <span class='ocrx_word' id='word_1_246' title='bbox 890 3356 965 3417; x_wconf 88' lang='lat' dir='ltr'>deos</span> <span class='ocrx_word' id='word_1_247' title='bbox 1000 3355 1184 3418; x_wconf 86' lang='lat' dir='ltr'>salutemus.</span> <span class='ocrx_word' id='word_1_248' title='bbox 1229 3354 1265 3416; x_wconf 94' lang='lat' dir='ltr'>ln</span> 
     </span>
     <span class='ocr_line' id='line_1_33' title="bbox 131 3437 1263 3521; baseline -0.002 -19"><span class='ocrx_word' id='word_1_249' title='bbox 131 3437 260 3519; x_wconf 81' lang='lat' dir='ltr'>legibus</span> <span class='ocrx_word' id='word_1_250' title='bbox 282 3438 446 3503; x_wconf 85' lang='lat' dir='ltr'>Ciceronis</span> <span class='ocrx_word' id='word_1_251' title='bbox 469 3440 581 3503; x_wconf 89' lang='lat' dir='ltr'>hahes:</span> <span class='ocrx_word' id='word_1_252' title='bbox 608 3441 675 3521; x_wconf 74' lang='lat' dir='ltr'>„nx</span> <span class='ocrx_word' id='word_1_253' title='bbox 697 3440 808 3521; x_wconf 87' lang='lat' dir='ltr'>patriis</span> <span class='ocrx_word' id='word_1_254' title='bbox 824 3440 950 3503; x_wconf 89' lang='lat' dir='ltr'>ritubus</span> <span class='ocrx_word' id='word_1_255' title='bbox 966 3441 1096 3503; x_wconf 90' lang='lat' dir='ltr'>colunto</span> <span class='ocrx_word' id='word_1_256' title='bbox 1113 3439 1263 3521; x_wconf 84' lang='lat' dir='ltr'>optima.“</span> 
     </span>
     <span class='ocr_line' id='line_1_34' title="bbox 130 3524 1266 3607; baseline 0 -21"><span class='ocrx_word' id='word_1_257' title='bbox 130 3524 227 3586; x_wconf 90' lang='lat' dir='ltr'>ltem:</span> <span class='ocrx_word' id='word_1_258' title='bbox 248 3524 450 3607; x_wconf 82' lang='lat' dir='ltr'>„Custodeos</span> <span class='ocrx_word' id='word_1_259' title='bbox 466 3525 652 3589; x_wconf 79' lang='lat' dir='ltr'>adeunto.“⁵</span> <span class='ocrx_word' id='word_1_260' title='bbox 691 3525 767 3587; x_wconf 88' lang='lat' dir='ltr'>Vide</span> <span class='ocrx_word' id='word_1_261' title='bbox 784 3525 944 3588; x_wconf 83' lang='lat' dir='ltr'>Ciceronis</span> <span class='ocrx_word' id='word_1_262' title='bbox 962 3526 1266 3606; x_wconf 87' lang='lat' dir='ltr'>interpretationem.</span> 
     </span>
     <span class='ocr_line' id='line_1_35' title="bbox 130 3608 1268 3693; baseline 0 -22"><span class='ocrx_word' id='word_1_263' title='bbox 130 3609 221 3672; x_wconf 87' lang='lat' dir='ltr'>Dicit</span> <span class='ocrx_word' id='word_1_264' title='bbox 243 3608 379 3691; x_wconf 84' lang='lat' dir='ltr'>utraque</span> <span class='ocrx_word' id='word_1_265' title='bbox 402 3611 592 3674; x_wconf 86' lang='lat' dir='ltr'>castimonia</span> <span class='ocrx_word' id='word_1_266' title='bbox 614 3632 694 3692; x_wconf 90' lang='lat' dir='ltr'>opus</span> <span class='ocrx_word' id='word_1_267' title='bbox 717 3633 795 3683; x_wconf 87' lang='lat' dir='ltr'>esse,</span> <span class='ocrx_word' id='word_1_268' title='bbox 820 3617 855 3673; x_wconf 92' lang='lat' dir='ltr'>nt</span> <span class='ocrx_word' id='word_1_269' title='bbox 878 3614 910 3672; x_wconf 85' lang='lat' dir='ltr'>et</span> <span class='ocrx_word' id='word_1_270' title='bbox 932 3633 1045 3693; x_wconf 88' lang='lat' dir='ltr'>corpus</span> <span class='ocrx_word' id='word_1_271' title='bbox 1069 3611 1139 3673; x_wconf 88' lang='lat' dir='ltr'>labe</span> <span class='ocrx_word' id='word_1_272' title='bbox 1161 3613 1268 3672; x_wconf 87' lang='lat' dir='ltr'>careat</span> 
     </span>
     <span class='ocr_line' id='line_1_36' title="bbox 129 3693 1267 3777; baseline 0 -19"><span class='ocrx_word' id='word_1_273' title='bbox 129 3700 164 3758; x_wconf 87' lang='lat' dir='ltr'>et</span> <span class='ocrx_word' id='word_1_274' title='bbox 188 3693 317 3758; x_wconf 89' lang='lat' dir='ltr'>animus</span> <span class='ocrx_word' id='word_1_275' title='bbox 339 3696 479 3759; x_wconf 91' lang='lat' dir='ltr'>sordium</span> <span class='ocrx_word' id='word_1_276' title='bbox 504 3697 547 3759; x_wconf 88' lang='lat' dir='ltr'>sit</span> <span class='ocrx_word' id='word_1_277' title='bbox 569 3718 691 3777; x_wconf 88' lang='lat' dir='ltr'>expers.</span> <span class='ocrx_word' id='word_1_278' title='bbox 738 3694 800 3758; x_wconf 87' lang='lat' dir='ltr'>Sed</span> <span class='ocrx_word' id='word_1_279' title='bbox 825 3696 924 3759; x_wconf 87' lang='lat' dir='ltr'>multo</span> <span class='ocrx_word' id='word_1_280' title='bbox 948 3697 1051 3777; x_wconf 86' lang='lat' dir='ltr'>magis</span> <span class='ocrx_word' id='word_1_281' title='bbox 1067 3696 1189 3777; x_wconf 89' lang='lat' dir='ltr'>placere</span> <span class='ocrx_word' id='word_1_282' title='bbox 1206 3695 1267 3758; x_wconf 90' lang='lat' dir='ltr'>diis</span> 
     </span>
     <span class='ocr_line' id='line_1_37' title="bbox 130 3780 1267 3861; baseline -0.001 -18"><span class='ocrx_word' id='word_1_283' title='bbox 130 3800 250 3858; x_wconf 86' lang='lat' dir='ltr'>purum</span> <span class='ocrx_word' id='word_1_284' title='bbox 281 3780 434 3845; x_wconf 89' lang='lat' dir='ltr'>animum.</span> <span class='ocrx_word' id='word_1_285' title='bbox 480 3780 553 3844; x_wconf 89' lang='lat' dir='ltr'>Ideo</span> <span class='ocrx_word' id='word_1_286' title='bbox 587 3782 774 3844; x_wconf 83' lang='lat' dir='ltr'>Lactantius</span> <span class='ocrx_word' id='word_1_287' title='bbox 803 3781 931 3843; x_wconf 87' lang='lat' dir='ltr'>scribit:</span> <span class='ocrx_word' id='word_1_288' title='bbox 970 3782 1207 3861; x_wconf 87' lang='lat' dir='ltr'>,Innocentiam</span> <span class='ocrx_word' id='word_1_289' title='bbox 1240 3781 1267 3844; x_wconf 88' lang='lat' dir='ltr'>si</span> 
     </span>
     <span class='ocr_line' id='line_1_38' title="bbox 128 3864 1266 3948; baseline -0.002 -19"><span class='ocrx_word' id='word_1_290' title='bbox 128 3866 207 3948; x_wconf 85' lang='lat' dir='ltr'>quis</span> <span class='ocrx_word' id='word_1_291' title='bbox 221 3864 282 3928; x_wconf 85' lang='lat' dir='ltr'>(leo</span> <span class='ocrx_word' id='word_1_292' title='bbox 297 3865 461 3939; x_wconf 86' lang='lat' dir='ltr'>obtulerit,</span> <span class='ocrx_word' id='word_1_293' title='bbox 474 3867 555 3929; x_wconf 89' lang='lat' dir='ltr'>satis</span> <span class='ocrx_word' id='word_1_294' title='bbox 571 3869 621 3948; x_wconf 88' lang='lat' dir='ltr'>pie.</span> <span class='ocrx_word' id='word_1_295' title='bbox 638 3865 847 3946; x_wconf 87' lang='lat' dir='ltr'>religioseque</span> <span class='ocrx_word' id='word_1_296' title='bbox 864 3866 997 3929; x_wconf 82' lang='lat' dir='ltr'>litavit..“</span> <span class='ocrx_word' id='word_1_297' title='bbox 1038 3866 1266 3948; x_wconf 82' lang='lat' dir='ltr'>Aegyptiorum</span> 
     </span>
     <span class='ocr_line' id='line_1_39' title="bbox 128 3950 1266 4032; baseline -0.001 -18"><span class='ocrx_word' id='word_1_298' title='bbox 128 3950 403 4032; x_wconf 85' lang='lat' dir='ltr'>sacerdotesque</span> <span class='ocrx_word' id='word_1_299' title='bbox 436 3953 616 4016; x_wconf 88' lang='lat' dir='ltr'>mundiores</span> <span class='ocrx_word' id='word_1_300' title='bbox 650 3958 765 4027; x_wconf 87' lang='lat' dir='ltr'>essent,</span> <span class='ocrx_word' id='word_1_301' title='bbox 800 3951 980 4015; x_wconf 86' lang='lat' dir='ltr'>rasitahant</span> <span class='ocrx_word' id='word_1_302' title='bbox 1013 3957 1116 4015; x_wconf 90' lang='lat' dir='ltr'>totum</span> <span class='ocrx_word' id='word_1_303' title='bbox 1151 3972 1266 4031; x_wconf 92' lang='lat' dir='ltr'>corpus</span> 
     </span>
    </p>
   </div>
   <div class='ocr_carea' id='block_1_3' title="bbox 127 4036 1267 4118">
    <p class='ocr_par' dir='ltr' id='par_1_3' title="bbox 127 4036 1267 4118">
     <span class='ocr_line' id='line_1_40' title="bbox 127 4036 1267 4118; baseline -0.001 -19"><span class='ocrx_word' id='word_1_304' title='bbox 127 4038 279 4117; x_wconf 87' lang='lat' dir='ltr'>(causam</span> <span class='ocrx_word' id='word_1_305' title='bbox 302 4036 398 4100; x_wconf 90' lang='lat' dir='ltr'>refert</span> <span class='ocrx_word' id='word_1_306' title='bbox 422 4036 612 4118; x_wconf 83' lang='lat' dir='ltr'>Herodotus)</span> <span class='ocrx_word' id='word_1_307' title='bbox 637 4047 669 4101; x_wconf 86' lang='lat' dir='ltr'>et</span> <span class='ocrx_word' id='word_1_308' title='bbox 692 4036 823 4100; x_wconf 89' lang='lat' dir='ltr'>cottidie</span> <span class='ocrx_word' id='word_1_309' title='bbox 845 4037 1006 4099; x_wconf 86' lang='lat' dir='ltr'>lavabant.</span> <span class='ocrx_word' id='word_1_310' title='bbox 1050 4037 1127 4100; x_wconf 88' lang='lat' dir='ltr'>lllihi</span> <span class='ocrx_word' id='word_1_311' title='bbox 1157 4058 1267 4117; x_wconf 89' lang='lat' dir='ltr'>parum</span> 
     </span>
    </p>
   </div>
   <div class='ocr_carea' id='block_1_4' title="bbox 125 4186 1267 4667">
    <p class='ocr_par' dir='ltr' id='par_1_4' title="bbox 198 4186 964 4250">
     <span class='ocr_line' id='line_1_41' title="bbox 198 4186 964 4250; baseline 0.007 -17"><span class='ocrx_word' id='word_1_312' title='bbox 198 4200 355 4249; x_wconf 69' lang='grc' dir='ltr'>ηρχαρεος</span> <span class='ocrx_word' id='word_1_313' title='bbox 424 4190 527 4250; x_wconf 70' lang='lat' dir='ltr'>brepror</span> <span class='ocrx_word' id='word_1_314' title='bbox 597 4188 711 4241; x_wconf 72' lang='lat' dir='ltr'>conluto.</span> <span class='ocrx_word' id='word_1_315' title='bbox 783 4186 964 4239; x_wconf 76' lang='lat' dir='ltr'>dincentiurn.</span> 
     </span>
    </p>

    <p class='ocr_par' dir='ltr' id='par_1_5' title="bbox 125 4252 1267 4667">
     <span class='ocr_line' id='line_1_42' title="bbox 202 4252 1240 4321; baseline -0.002 -12"><span class='ocrx_word' id='word_1_316' title='bbox 202 4257 210 4288; x_wconf 87' lang='lat'>¹</span> <span class='ocrx_word' id='word_1_317' title='bbox 229 4252 373 4317; x_wconf 72' lang='lat' dir='ltr'>Maximus,</span> <span class='ocrx_word' id='word_1_318' title='bbox 398 4254 536 4309; x_wconf 78' lang='lat' dir='ltr'>Facbrrunr</span> <span class='ocrx_word' id='word_1_319' title='bbox 556 4257 692 4309; x_wconf 74' lang='lat' dir='ltr'>dictorum«</span> <span class='ocrx_word' id='word_1_320' title='bbox 706 4272 738 4306; x_wconf 84' lang='lat' dir='ltr'>nu</span> <span class='ocrx_word' id='word_1_321' title='bbox 757 4255 917 4307; x_wconf 85' lang='lat' dir='ltr'>nrcmornbil.</span> <span class='ocrx_word' id='word_1_322' title='bbox 937 4255 952 4307; x_wconf 98' lang='lat' dir='ltr'>l.</span> <span class='ocrx_word' id='word_1_323' title='bbox 972 4255 1019 4307; x_wconf 86' lang='lat' dir='ltr'>IX.</span> <span class='ocrx_word' id='word_1_324' title='bbox 1041 4257 1145 4321; x_wconf 73' lang='lat' dir='ltr'>Argent.</span> <span class='ocrx_word' id='word_1_325' title='bbox 1167 4256 1240 4308; x_wconf 69' lang='lat'>1471.</span> 
     </span>
     <span class='ocr_line' id='line_1_43' title="bbox 126 4274 1267 4397; baseline 0 -20"><span class='ocrx_word' id='word_1_326' title='bbox 126 4323 328 4383; x_wconf 74' lang='lat' dir='ltr'>’Ammianus</span> <span class='ocrx_word' id='word_1_327' title='bbox 349 4322 485 4377; x_wconf 84' lang='lat' dir='ltr'>Historiar.</span> <span class='ocrx_word' id='word_1_328' title='bbox 504 4324 520 4378; x_wconf 93' lang='lat' dir='ltr'>l.</span> <span class='ocrx_word' id='word_1_329' title='bbox 540 4274 743 4377; x_wconf 72' lang='lat' dir='ltr'>XIV-XXb&#39;l.</span> <span class='ocrx_word' id='word_1_330' title='bbox 763 4322 837 4375; x_wconf 78' lang='lat' dir='ltr'>llum.</span> <span class='ocrx_word' id='word_1_331' title='bbox 859 4324 932 4397; x_wconf 65' lang='grc'><strong>1174.</strong></span> <span class='ocrx_word' id='word_1_332' title='bbox 962 4324 1009 4375; x_wconf 85' lang='lat' dir='ltr'>llic</span> <span class='ocrx_word' id='word_1_333' title='bbox 1023 4323 1267 4377; x_wconf 78' lang='lat' dir='ltr'>lctntenblliiclrcr</span> 
     </span>
     <span class='ocr_line' id='line_1_44' title="bbox 126 4389 1265 4463; baseline 0.003 -21"><span class='ocrx_word' id='word_1_334' title='bbox 126 4395 198 4463; x_wconf 64' lang='lat' dir='ltr'>Aug</span> <span class='ocrx_word' id='word_1_335' title='bbox 216 4389 300 4443; x_wconf 76' lang='lat' dir='ltr'>Vino.</span> <span class='ocrx_word' id='word_1_336' title='bbox 319 4392 394 4445; x_wconf 84' lang='lat'>1533.</span> <span class='ocrx_word' id='word_1_337' title='bbox 466 4392 571 4445; x_wconf 75' lang='lat' dir='ltr'>’Ilisso</span> <span class='ocrx_word' id='word_1_338' title='bbox 590 4393 678 4453; x_wconf 82' lang='lat' dir='ltr'>Stcllc,</span> <span class='ocrx_word' id='word_1_339' title='bbox 697 4393 739 4444; x_wconf 91' lang='lat' dir='ltr'>die</span> <span class='ocrx_word' id='word_1_340' title='bbox 758 4391 814 4443; x_wconf 80' lang='lat' dir='ltr'>sich</span> <span class='ocrx_word' id='word_1_341' title='bbox 833 4392 859 4442; x_wconf 91' lang='lat' dir='ltr'>in</span> <span class='ocrx_word' id='word_1_342' title='bbox 882 4392 935 4444; x_wconf 78' lang='lat' dir='ltr'>Cic.</span> <span class='ocrx_word' id='word_1_343' title='bbox 955 4392 993 4444; x_wconf 81' lang='lat' dir='ltr'>lle</span> <span class='ocrx_word' id='word_1_344' title='bbox 1013 4392 1061 4460; x_wconf 86' lang='lat' dir='ltr'>leg.</span> <span class='ocrx_word' id='word_1_345' title='bbox 1081 4391 1155 4443; x_wconf 89' lang='lat' dir='ltr'>nicht</span> <span class='ocrx_word' id='word_1_346' title='bbox 1176 4394 1265 4451; x_wconf 74' lang='lat' dir='ltr'>findet.</span> 
     </span>
     <span class='ocr_line' id='line_1_45' title="bbox 125 4459 1265 4530; baseline -0.002 -15"><span class='ocrx_word' id='word_1_347' title='bbox 125 4460 163 4515; x_wconf 74' lang='lat' dir='ltr'>ur</span> <span class='ocrx_word' id='word_1_348' title='bbox 189 4459 364 4515; x_wconf 76' lang='lat' dir='ltr'>eutbehalren</span> <span class='ocrx_word' id='word_1_349' title='bbox 391 4475 443 4513; x_wconf 85' lang='lat' dir='ltr'>von</span> <span class='ocrx_word' id='word_1_350' title='bbox 473 4462 611 4530; x_wconf 76' lang='lat' dir='ltr'>Augustin.</span> <span class='ocrx_word' id='word_1_351' title='bbox 648 4462 687 4513; x_wconf 88' lang='lat' dir='ltr'>De</span> <span class='ocrx_word' id='word_1_352' title='bbox 706 4461 756 4512; x_wconf 82' lang='lat' dir='ltr'>cir.</span> <span class='ocrx_word' id='word_1_353' title='bbox 779 4459 828 4511; x_wconf 82' lang='lat' dir='ltr'>Ilei</span> <span class='ocrx_word' id='word_1_354' title='bbox 854 4459 930 4524; x_wconf 84' lang='lat' dir='ltr'>XXI,</span> <span class='ocrx_word' id='word_1_355' title='bbox 951 4462 990 4513; x_wconf 93' lang='lat' dir='ltr'>ll.</span> <span class='ocrx_word' id='word_1_356' title='bbox 1062 4459 1191 4513; x_wconf 84' lang='lat' dir='ltr'>⁴llutiau</span> <span class='ocrx_word' id='word_1_357' title='bbox 1217 4461 1265 4513; x_wconf 86' lang='lat' dir='ltr'>irrt</span> 
     </span>
     <span class='ocr_line' id='line_1_46' title="bbox 125 4527 1265 4597; baseline -0.001 -14"><span class='ocrx_word' id='word_1_358' title='bbox 125 4528 207 4583; x_wconf 77' lang='lat' dir='ltr'>vom.</span> <span class='ocrx_word' id='word_1_359' title='bbox 244 4527 448 4597; x_wconf 80' lang='lat' dir='ltr'>Archigerontes</span> <span class='ocrx_word' id='word_1_360' title='bbox 474 4528 580 4583; x_wconf 84' lang='lat' dir='ltr'>hiessen</span> <span class='ocrx_word' id='word_1_361' title='bbox 609 4531 650 4583; x_wconf 89' lang='lat' dir='ltr'>dio</span> <span class='ocrx_word' id='word_1_362' title='bbox 679 4527 840 4580; x_wconf 82' lang='lat' dir='ltr'>vomohmcn</span> <span class='ocrx_word' id='word_1_363' title='bbox 870 4527 988 4595; x_wconf 75' lang='lat' dir='ltr'>llrinptcr</span> <span class='ocrx_word' id='word_1_364' title='bbox 1015 4529 1060 4580; x_wconf 88' lang='lat' dir='ltr'>des</span> <span class='ocrx_word' id='word_1_365' title='bbox 1089 4528 1185 4582; x_wconf 80' lang='lat' dir='ltr'>l&#39;ollres</span> <span class='ocrx_word' id='word_1_366' title='bbox 1213 4546 1265 4582; x_wconf 84' lang='lat' dir='ltr'>rou</span> 
     </span>
     <span class='ocr_line' id='line_1_47' title="bbox 126 4594 1138 4667; baseline -0.005 -14"><span class='ocrx_word' id='word_1_367' title='bbox 126 4594 300 4653; x_wconf 68' lang='lat' dir='ltr'>ulmaria</span> <span class='ocrx_word' id='word_1_368' title='bbox 335 4595 522 4652; x_wconf 76' lang='lat' dir='ltr'>Amhismntes</span> <span class='ocrx_word' id='word_1_369' title='bbox 539 4597 575 4652; x_wconf 91' lang='lat' dir='ltr'>ist</span> <span class='ocrx_word' id='word_1_370' title='bbox 591 4595 785 4667; x_wconf 84' lang='lat' dir='ltr'>ungriechisoh</span> <span class='ocrx_word' id='word_1_371' title='bbox 857 4595 924 4649; x_wconf 74' lang='lat' dir='ltr'>⁵De</span> <span class='ocrx_word' id='word_1_372' title='bbox 943 4596 992 4665; x_wconf 86' lang='lat' dir='ltr'>leg.</span> <span class='ocrx_word' id='word_1_373' title='bbox 1011 4595 1138 4665; x_wconf 83' lang='lat' dir='ltr'>11,8sq.</span> 
     </span>
    </p>
   </div>
   <div class='ocr_carea' id='block_1_5' title="bbox 0 0 1392 4966">
    <p class='ocr_par' dir='ltr' id='par_1_6' title="bbox 0 0 1392 4966">
     <span class='ocr_line' id='line_1_48' title="bbox 0 0 1392 4966; baseline 0 1"><span class='ocrx_word' id='word_1_374' title='bbox 0 0 1392 4966; x_wconf 95' lang='lat' dir='ltr'> </span> 
     </span>
    </p>
   </div>
  </div>
 </body>
</html>
