2774 4966
414 25 1383 289 ι-

154 602 217 669 332
579 604 667 659 Bricle
684 604 731 660 des
749 605 773 660 J.
793 604 866 661 1513.

155 802 217 846 non
247 780 389 845 colerent
416 779 549 844 studiosi
578 800 684 843 eorum
712 779 839 855 amicas,
860 793 874 820 ⁸
896 779 926 843 id
951 783 1000 844 est
1020 780 1138 861 figuras
1173 788 1272 846 meta·

154 868 310 950 physicae.
334 868 487 931 continuo
510 866 677 939 saevirent,
701 888 762 928 non
788 872 1017 947 promoverent,
1047 888 1108 929 non
1140 868 1276 932 auxilia·

153 958 271 1029 rentur,
295 953 358 1017 imo
380 953 586 1029 retardarent,
620 952 793 1033 rejicerent,
827 952 1039 1016 excluderent.
1088 952 1172 1017 lldeo
1207 955 1275 1019 dira

153 1046 227 1103 sunt
263 1039 453 1103 animalcula
486 1038 636 1118 theologi.
689 1038 774 1101 Haec
807 1040 901 1120 paulo
937 1037 1065 1102 liberius
1098 1045 1131 1102 et
1164 1038 1275 1105 facete.

152 1124 235 1190 Cave
257 1127 415 1190 enunties
460 1124 537 1187 Nam
563 1124 765 1187 barbarorum
790 1123 902 1187 cohors
927 1145 988 1188 non
1013 1125 1093 1187 male
1115 1127 1214 1190 sentit
1239 1127 1277 1191 de

154 1212 246 1276 nobis
262 1220 294 1275 et
309 1234 367 1292 ego
391 1211 509 1274 nemini
534 1231 639 1273 noceo.
686 1210 835 1274 Veritatis
859 1216 977 1288 tamen,
994 1217 1029 1274 ut
1045 1212 1139 1288 nosti,
1156 1213 1277 1278 amicus

152 1320 216 1362 non
240 1321 367 1381 possum
392 1320 455 1360 non
479 1297 526 1359 ita
548 1296 662 1360 ludere.

306 1400 367 1453 tlod.
386 1399 452 1452 Frcl.
471 1398 529 1452 33⁶2.

153 1604 268 1673 (cotra.)
672 1587 744 1652 270.
1030 1607 1088 1675 (vor
1104 1613 1170 1680 nug.
1191 1614 1277 1683 1513.)

504 1716 648 1786 Mation
670 1736 717 1785 an
741 1714 927 1804 Petrejus.

159 1846 225 1912 (Hal
242 1846 289 1912 siu·
305 1846 354 1898 deo
377 1846 490 1914 Osfirinl
513 1845 648 1899 Hellana
665 1845 720 1912 arcs
732 1845 856 1914 Petrejua'
881 1846 997 1900 llsunsrlr
1022 1848 1078 1900 eiam
1096 1848 1163 1902 Reda
1184 1868 1277 1918 aruspe-

156 1915 271 1979 urber'let,
288 1920 319 1967 ἰη
336 1915 382 1968 der
399 1934 427 1968 er
443 1915 615 1982 freimiilipen
634 1914 730 1967 Srlrera
749 1914 778 1967 in
796 1915 940 1981 calescebat,
958 1917 1155 1985 scalpendis-rm
1173 1919 1279 1973 Worteu

112 2033 117 2045 ,
155 1985 335 2053 nrrspmlrr'iclt,
354 1976 427 2036 aielrl
444 1984 492 2036 rrr'e
512 1983 616 2037 Tilmrin
633 1983 708 2035 eiam
733 1983 861 2050 affeltr'ert
885 1985 1094 2039 altertrtrrrlr'elreri
1121 1988 1175 2041 Stil
1199 2007 1277 2056 arepe-

155 2054 257 2106 rccrulet.
294 2053 407 2116 Tilorrr'rt,
428 2072 475 2105 run
496 2053 613 2105 Herdord
628 2053 686 2105 renel
702 2052 822 2105 Bolmacn
846 2053 997 2122 beyiinelr'qt,
1025 2055 1093 2107 rcird
1113 2057 1200 2110 ser’ner
1221 2058 1278 2111 hir

153 2123 233 2177 sclrou
251 2124 363 2176 rutlcrrt
381 2123 488 2175 merrtem.
525 2121 642 2190 Petrejas
665 2121 723 2174 aaut
750 2122 843 2173 tiatira
868 2123 974 2175 ruarlreu
996 2123 1078 2176 daret
1103 2125 1176 2180 iliram
1197 2131 1278 2195 peist-

348 2192 429 2246 rellan
453 2191 525 2245 ll'r'ta
543 2192 594 2244 den
613 2191 748 2244 allemrdeu
764 2189 873 2245 sueciae
892 2192 983 2245 trierim
992 2195 1081 2262 jernp.)

197 2306 330 2357 Erudtto
347 2306 481 2367 Petrejo,
498 2307 566 2357 vtro
584 2305 716 2357 literaria
733 2304 850 2357 ordinis
867 2306 1038 2367 praeclaro,
1055 2307 1154 2358 amico
1171 2309 1233 2360 fldo

630 2393 674 2442 Μ.
691 2390 802 2443 Rufus.

260 2503 291 2568 S.
316 2503 345 2566 d.
392 2501 458 2566 Tuo
491 2524 564 2566 vero
598 2507 719 2580 coactu,
755 2524 818 2566 non
850 2503 951 2567 solum
986 2504 1071 2585 quod
1105 2505 1275 2571 Hallensis'

152 2592 378 2655 excusationes
402 2594 525 2654 nostras
548 2589 699 2671 rejecerit,
721 2591 867 2652 effectum
883 2595 941 2667 est,
959 2596 994 2653 ut
1010 2591 1128 2672 scripto
1145 2592 1277 2657 ducturo

152 2678 314 2761 praeirem.
360 2676 430 2740 Non
459 2675 536 2739 mihi
560 2675 714 2751 blandior,
738 2697 800 2739 non
824 2676 862 2738 de
885 2677 1012 2759 scriptis
1034 2685 1091 2742 aut
1114 2678 1273 2761 elegantia

151 2763 230 2828 mihi
253 2764 370 2846 placeo,
399 2761 502 2839 homa,
527 2767 562 2826 ut
584 2763 656 2837 scis,
681 2762 767 2826 nullo
791 2763 883 2826 modo
903 2762 1067 2845 superbus.
1108 2763 1151 2827 Te
1166 2771 1274 2829 autern

153 2856 293 2914 nostram
322 2871 450 2913 manum
482 2848 677 2930 efflagitante
712 2870 774 2912 non
809 2849 909 2913 solum
945 2872 1048 2913 coram
1083 2852 1188 2916 verbis
1223 2852 1277 2916 sed

151 2938 247 3001 etiam
271 2958 325 3018 per
348 2934 508 3017 epistolas,
532 2935 629 2998 durus
652 2958 753 2999 essem
778 2937 875 3017 atque
898 2935 1036 3000 difficilis
1065 2938 1128 3001 imo
1153 2961 1278 3013 saxeae,

155 3024 182 3088 si
206 3023 265 3086 tibi
290 3044 433 3105 negarem
462 3028 526 3086 tarn
556 3021 654 3104 probo
683 3028 715 3084 et
743 3021 908 3103 ingenioso
941 3023 1052 3086 amico.
1101 3022 1142 3087 Ar
1176 3024 1275 3089 dices:

155 3131 228 3191 ergo
258 3131 320 3173 non
350 3108 483 3191 obsequi
511 3108 559 3171 vis
591 3108 726 3190 praetori
755 3106 839 3185 tu0;²
871 3107 951 3182 vide,
976 3109 1008 3170 in
1032 3111 1276 3186 contumaciam,

156 3195 240 3278 qnod
264 3202 312 3259 est
333 3195 505 3258 maximum
530 3194 640 3268 scelus,
664 3194 748 3275 apud
770 3193 898 3258 rabulas
922 3217 961 3258 ne
984 3196 1085 3259 cadas.
1135 3195 1212 3278 Ego,
1236 3198 1278 3260 mi

154 3282 268 3359 Petrei,
292 3303 483 3363 quamquam
512 3279 725 3344 archidiaconi
753 3278 867 3344 nostri³
895 3281 1083 3360 ministrum,
1108 3288 1145 3347 ut
1168 3282 1277 3356 debe0,

154 3391 310 3444 revereor,
345 3367 442 3451 pluris
476 3371 584 3431 tamen
619 3367 699 3430 facio
732 3366 911 3430 Hallensem
948 3388 1044 3448 quarn
1086 3367 1279 3433 officialem.⁸

154 3456 238 3519 Haec
261 3460 308 3517 est
333 3453 492 3536 popularis
514 3453 685 3535 appellatio
708 3452 801 3533 vulgo
825 3474 951 3534 magna,
974 3454 1094 3517 rustico
1115 3455 1278 3531 terribilis,

153 3542 191 3605 ad
217 3540 385 3605 facultates
408 3538 541 3616 lucrosa,
566 3544 704 3603 ceterum
727 3539 820 3620 plena
842 3539 1016 3610 turbarum,
1040 3540 1134 3622 plena
1165 3563 1278 3622 quere-

155 3628 265 3704 larum,
298 3627 390 3707 pleua
423 3626 529 3689 fatuae
562 3625 771 3707 conjecturae,
801 3626 1063 3689 acommunibus
1097 3627 1211 3690 studiis
1248 3631 1280 3691 et

152 3714 252 3778 Beata
284 3711 526 3794 'tranquillitate
559 3713 688 3776 omnino
722 3710 903 3775 abhorrens.
960 3712 995 3775 ln
1032 3712 1171 3777 Hallensi
1207 3736 1278 3778 vero

152 3798 327 3882 jucundum
352 3799 461 3869 virum,
487 3798 625 3879 politiori
649 3799 812 3862 doctrinae
828 3796 996 3875 faventem,
1013 3797 1140 3863 Urbano
1164 3799 1279 3863 famili·

154 3909 249 3965 arem,
287 3883 411 3965 Petrejo
447 3883 738 3961 familiarissimum,
783 3884 883 3947 nostri
922 3890 1091 3959 amantem,
1137 3884 1278 3950 Cotioni⁵

152 3977 290 4055 gratum,
325 3971 461 4052 denique
494 3969 669 4047 cordatum,
703 3992 766 4034 non
801 3969 955 4048 fallacem,
988 3992 1050 4034 non
1081 3972 1280 4049 insidiosum,

154 4082 217 4123 non
251 4058 431 4127 derisorem,
465 4062 502 4119 ut
537 4056 600 4119 fere
634 4063 709 4121 sunt
743 4055 827 4120 illius
857 4055 974 4137 jannae
1010 4058 1178 4140 praesides,
1216 4081 1279 4122 non

155 4146 249 4210 etiam
273 4143 394 4208 invidia
417 4142 642 4220 decoloratum,
670 4164 733 4206 non
761 4143 912 4205 infectum
945 4143 1133 4207 insolentiae
1167 4166 1278 4223 naevo,

156 4253 220 4295 non
255 4230 419 4311 indignum
457 4233 566 4293 nostro
600 4229 706 4293 favore
743 4231 953 4310 agnoscimus.
999 4229 1149 4293 Obtinuit
1184 4232 1281 4312 igitur

224 4399 237 4426 ι
252 4382 350 4436 anticos
370 4381 443 4434 Terra.

232 4455 241 4485 ²
260 4454 344 4520 Georg
362 4449 635 4507 llsrnmrdvonllallo,
654 4449 761 4503 llffizial.
781 4451 806 4502 S.
819 4452 909 4501 ‘Elin
920 4451 943 4501 2.
998 4454 1008 4482 ²
1028 4450 1145 4519 Petra-jus
1163 4451 1237 4504 hatte
1256 4452 1282 4505 in

160 4524 221 4576 dem
249 4520 427 4574 literau'sohen
454 4520 539 4572 anm
565 4518 680 4572 Matiane
698 4518 740 4571 dic
757 4516 837 4571 Stelle
863 4519 935 4571 eines
962 4519 1085 4582 ffiihrom,
1103 4523 1211 4588 praetor.

161 4591 375 4660 ³Sdmmcrings.
394 4589 419 4641 in
438 4590 531 4643 dassen
549 4587 659 4642 Kaualei
677 4588 723 4640 der
740 4586 841 4640 Official
858 4588 990 4643 arbeitete.
1050 4589 1125 4643 ⁴Ieh
1143 4589 1220 4643 achte
1238 4589 1282 4643 die

154 4660 259 4717 Person
277 4659 361 4714 hahet
378 4658 417 4713 ata
434 4674 490 4713 sein
508 4660 578 4711 Amt
648 4656 846 4725 ⁵Sdmmeriug.
863 4656 889 4711 S.
908 4658 959 4711 ‘239
976 4660 1007 4710 A.
1025 4660 1049 4711 (l.
