2774 4966
414 39 1383 267 ι-

472 100 479 119 ἱ

571 585 658 641 Brlelo
676 586 722 640 der
740 586 765 643 J.
786 588 860 644 1515.

577 757 699 823 Genius
721 759 866 840 agrestis.

334 843 469 908 Garrula
492 842 614 908 divitiis
637 845 739 908 nutrit
760 845 849 909 Jovie
872 845 945 908 aula
968 849 1110 927 nepotes.

375 927 460 993 Vaeb
483 928 558 1004 tibi,
581 932 636 1011 qui
659 951 748 993 saera
770 929 942 994 luxurieris
964 951 1033 1012 ope.

260 1011 349 1078 Talia
383 1036 464 1078 cum.
490 1012 614 1078 Euritio
648 1019 757 1079 nostro
791 1015 949 1079 ludebam.
995 1016 1128 1094 lmruo,
1163 1015 1297 1082 Eobane

157 1100 340 1177 Schwane,¹
366 1103 398 1163 et
420 1099 499 1163 vade
523 1100 626 1182 plane.
673 1098 727 1163 Sic
751 1121 808 1163 nos
831 1100 1046 1165 sacrieumus
1061 1123 1135 1165 sues
1152 1107 1185 1167 et
1201 1104 1296 1180 asini,

156 1191 194 1252 ut
217 1186 376 1249 interdum
400 1186 500 1248 simus
523 1187 645 1248 amasii.

308 1284 370 1339 eod.
389 1283 456 1338 mer.
475 1285 536 1339 477.

154 1421 272 1491 (aare)
683 1404 756 1467 481.
929 1419 968 1487 (rr.
987 1418 1042 1473 Mar
1060 1419 1101 1474 or.
1119 1419 1185 1474 Juni
1205 1423 1294 1492 raro.)

534 1510 681 1582 Mutian
702 1533 751 1582 an
773 1510 913 1582 Urban.

155 1623 278 1692 (Recede,
297 1622 361 1676 duaa
384 1621 477 1676 Urbate
494 1621 539 1675 ein
562 1621 721 1691 Verter‘dr‘pcr
739 1622 888 1676 Rcuctrtine
902 1639 981 1690 papea
997 1622 1048 1675 don
1065 1623 1238 1686 „Seaa'w
1249 1624 1293 1688 iet,

308 1691 355 1744 der
372 1690 518 1744 Reacbtine
535 1691 737 1744 rcrsctrtoaoenea
760 1690 908 1745 Guturlrten
925 1691 1062 1759 mitpateilt
1078 1691 1144 1754 hut.)

202 1787 383 1838 Praestanti
400 1789 433 1838 et
452 1786 574 1838 eruditu
592 1789 677 1848 petri
694 1789 735 1837 Η.
753 1788 891 1847 Urbano,
909 1800 973 1838 non
989 1787 1093 1837 minua
1110 1789 1246 1848 sapienti

381 1867 548 1906 oeconomo
566 1869 659 1915 quem
675 1855 738 1905 fido
756 1856 855 1905 amico
875 1853 930 1921 (M.
947 1852 1070 1921 Rufus).

261 1947 292 2012 S.
339 1947 522 2011 Incredibili
545 1970 593 2015 me
617 1948 720 2012 atticis
743 1948 875 2025 laetitia,
906 1949 1040 2030 primum
1065 1947 1150 2030 qnod
1174 1947 1292 2030 Capni·

155 2034 227 2097 onis
264 2055 378 2097 nomen
414 2034 566 2097 adversus
599 2036 776 2116 gregariam
811 2033 961 2117 pennam²
994 2034 1104 2111 tueris,
1140 2032 1293 2111 illustras,

159 2139 268 2201 augea,
293 2119 454 2199 aspirante
478 2116 724 2200 Engelmann0,⁸
749 2120 815 2182 viro
838 2118 1090 2200 incomparabili,
1120 2119 1187 2181 eive
1218 2139 1294 2182 can-

161 2203 268 2267 dorem
292 2205 358 2266 eive
383 2203 583 2286 prudentiam
619 2205 788 2288 inspicias,
812 2205 953 2267 deinde·
983 2205 1068 2286 quod
1092 2224 1163 2267 mea
1184 2206 1294 2267 omnia

158 2287 220 2352 tibi
243 2310 336 2352 curae
366 2292 452 2364 sunt,
480 2290 544 2351 imo
568 2310 637 2352 mea
660 2296 692 2351 et
715 2288 872 2370 Spoletini
906 2288 1049 2371 negotia⁸
1073 2308 1110 2352 eo
1133 2288 1293 2366 sublevas,

158 2379 195 2437 ut
230 2378 365 2454 uterque
403 2377 546 2436 nostrum
586 2374 754 2455 plurimum
792 2375 850 2438 tibi
885 2397 960 2457 prae
995 2375 1108 2438 ceteris
1141 2374 1293 2438 omnibus

161 2458 284 2524 debeat.
342 2458 439 2534 Quem
477 2460 659 2539 quaerimus
696 2460 793 2523 aliurn
832 2460 1005 2541 adjutorem
1046 2459 1144 2543 (quod
1177 2464 1227 2523 est
1259 2461 1292 2522 in

162 2545 266 2608 media
299 2543 379 2621 vita)
413 2545 474 2607 nisi
508 2550 550 2620 te,
585 2544 735 2608 domine?
792 2547 896 2625 Atque
935 2547 1056 2609 utinam
1091 2544 1185 2626 hujus
1218 2550 1293 2608 tuae

162 2630 373 2711 benignitatis
405 2630 542 2692 fructum
573 2630 710 2710 aliquem
735 2629 794 2693 tibi
818 2631 928 2693 afferre
956 2631 1124 2712 possimus.
1170 2628 1293 2693 Collec-

161 2719 255 2778 tanea
289 2715 509 2796 parabolarum
541 2736 580 2776 ex
612 2713 783 2779 Plutarcho
807 2720 838 2778 et
865 2715 995 2793 Seneca,
1029 2716 1084 2779 sed
1119 2713 1294 2779 bellissime

162 2801 314 2863 investita
347 2800 482 2877 artificio
510 2799 633 2863 Erasmi
668 2800 896 2881 elegantiarum
932 2801 1087 2883 ejusmodi
1119 2799 1293 2863 observan-

159 2885 301 2962 tissimi*
337 2886 382 2948 sic
415 2885 528 2967 legam,
560 2890 597 2948 ut
626 2885 774 2963 ediscam,
805 2887 850 2949 sic
880 2886 1005 2950 habebo
1037 2890 1074 2948 ut
1096 2885 1292 2962 thesaurum,

161 2970 255 3034 modo
288 2972 423 3053 pretium
459 2969 539 3033 inter
574 2970 673 3034 diario
707 2976 774 3047 tuo,
808 2971 892 3053 quod
926 2968 1115 3035 Mercuriue⁸
1149 2971 1294 3053 accipere

162 3056 275 3120 noluit.
325 3055 580 3137 ,Prostibulum“
605 3058 768 3137 gregariee
791 3079 914 3139 pennae
937 3057 1067 3138 perinde
1089 3060 1139 3119 est
1160 3055 1238 3119 mibi
1254 3077 1294 3120 ac

161 3141 190 3204 si
229 3141 347 3205 diceret
384 3139 504 3204 Mutius
541 3141 613 3222 legi,
651 3141 815 3205 Mutianus
853 3163 916 3205 non
955 3142 1026 3222 legi,
1069 3141 1117 3204 vel
1154 3140 1293 3204 Heliaeb

157 3224 315 3291 Eobano.l
360 3227 426 3289 Iste
455 3231 590 3290 nasutas
619 3228 763 3290 notarius
794 3228 888 3291 nimis
911 3233 960 3290 est.
981 3227 1176 3291 temerarius.
1221 3225 1295 3290 Emi

159 3333 260 3393 nuper
283 3313 388 3393 pueris
412 3312 490 3374 mele
513 3312 675 3393 cujusdam
694 3313 877 3393 Hieronymi
893 3311 1070 3393 Cingularii
1085 3311 1293 3394 Spuonyma.⁸

160 3397 195 3460 ln
220 3397 283 3459 illis
306 3397 386 3460 forte
410 3397 469 3460 hoc
493 3398 586 3460 modo
609 3398 779 3479 scriptum:
812 3398 969 3474 „glutinufi
999 3397 1144 3480 lupanar,
1174 3396 1293 3475 fornix,

158 3481 385 3564 prostibulum,
423 3504 570 3563 ganeum,
609 3482 743 3546 taberna
779 3484 950 3559 meritoria,
988 3484 1066 3546 cella
1103 3483 1293 3547 meretricia.

226 3633 240 3660 ⁸
254 3616 315 3670 dein
334 3616 407 3669 Tene.
478 3614 583 3667 bhelio.

229 3688 237 3719 ¹
256 3684 315 3753 Vgl.
335 3685 378 3738 die
395 3683 543 3737 Autschn'lt
561 3683 588 3735 iu
605 3683 649 3736 Br.
669 3683 728 3736 476.
764 3681 814 3735 Die
832 3681 925 3735 Reimo
943 3681 1064 3735 erinnem
1082 3698 1115 3736 an
1132 3681 1175 3735 die
1190 3681 1295 3737 Mauier

159 3753 205 3806 der
222 3753 444 3808 Dunkelmttnner.
493 3754 504 3785 ¹
520 3751 707 3804 Vertichtliche
725 3750 913 3818 Bezeichnuug
931 3751 977 3803 des
994 3750 1112 3805 Mainzer
1128 3748 1293 3819 Schmibem,

158 3822 205 3874 der
222 3821 367 3876 Reuchline
384 3819 556 3889 veraiegeltos
576 3819 725 3872 Gutaehten
744 3835 777 3871 au
795 3818 955 3872 Plattorkoru
974 3819 1097 3887 gegeben.
1134 3818 1192 3887 Vgl.
1203 3819 1229 3872 S.
1240 3821 1295 3874 504

159 3893 189 3944 A.
209 3893 225 3945 6
244 3891 326 3944 sowie
345 3890 387 3942 ΒΓ.
408 3890 467 3942 514.
504 3889 553 3941 Die
566 3887 727 3956 Rundglosse
746 3887 773 3938 in
792 3888 926 3940 letzterem
945 3887 989 3940 Br.
1007 3891 1088 3940 neunt
1104 3887 1151 3940 ihu
1169 3887 1294 3944 Grecker.

194 3959 246 4013 ³8.
266 3960 316 4013 206
334 3963 365 4011 A.
385 3958 408 4010 2.
480 3957 586 4010 ‘Scine
612 3955 939 4024 Diplomsungelogouhoit.
974 3955 1018 4008 Br.
1036 3957 1095 4009 463.
1167 3954 1221 4008 ὓ8.
1241 3957 1294 4009 543

158 4030 189 4079 A.
207 4030 232 4079 4.
303 4025 475 4079 185071.
496 4024 520 4076 2.
592 4024 695 4076 ⁷Nach
721 4025 781 4076 dem
806 4024 954 4091 Folgoodon
982 4024 1055 4076 hatto
1081 4024 1129 4075 dor
1151 4021 1295 4077 Schmibor

159 4112 221 4149 vom
240 4096 331 4148 Worte
349 4092 525 4162 prostibulum
545 4093 654 4144 nordio
672 4092 830 4159 Bcdcutung
847 4092 964 4160 lupanar,
987 4092 1061 4144 nicht
1078 4090 1147 4144 auch
1165 4094 1293 4145 meretrix

135 4195 144 4206 ·
175 4165 279 4217 olrannt.
315 4164 369 4215 Ilaa
393 4162 495 4214 trommt
519 4160 620 4212 Mutian
645 4176 699 4227 ror,
726 4161 765 4213 als
783 4176 858 4212 wonn
877 4175 937 4213 marr
955 4160 1057 4212 Mutius
1073 4160 1128 4212 und
1146 4159 1293 4222 Mutiauue,

185 4232 254 4285 otius
272 4233 326 4284 und
344 4228 734 4284 Eobanuetii1·ror·schiedonc
752 4228 884 4281 Pereonen
903 4230 992 4282 hatten
1010 4227 1105 4281 wolton.
1135 4227 1185 4279 Die
1199 4225 1294 4282 Worte

158 4300 210 4368 logi
230 4301 284 4352 und
303 4315 353 4352 non
371 4298 423 4365 legi
442 4298 500 4350 siud
523 4297 653 4349 demnach
671 4298 698 4348 in
717 4296 1006 4365 Antiihmngastrichen
1024 4313 1056 4349 zu
1075 4296 1184 4349 dautran.
1221 4295 1295 4350 Oder

158 4373 239 4421 etna:
261 4409 307 4423 ...
327 4368 440 4420 diceret:
459 4365 585 4418 »nntius«
603 4365 662 4433 legi,
680 4365 840 4418 »Mutiunus«
858 4381 908 4418 non
926 4365 986 4432 legi,
1004 4364 1047 4417 vel
1066 4364 1184 4417 «Heliam
1207 4363 1293 4434 (legi),

158 4435 290 4490 »Eobano«
319 4440 380 4499 (non
409 4434 491 4502 logo?
529 4433 604 4485 Danu
633 4435 771 4486 bedentete
796 4449 838 4485 cs:
862 4449 891 4485 er
908 4434 988 4486 torret
1004 4433 1047 4485 fiir
1060 4434 1136 4501 jedes
1154 4431 1224 4499 Ding
1242 4449 1294 4486 nur

155 4505 255 4558 einen
284 4504 395 4558 Namen.
467 4501 545 4553 “Ein
572 4510 710 4570 grammat.
738 4502 879 4554 lehrbuch
904 4502 951 4554 des
978 4502 1083 4555 Hieron.
1112 4499 1219 4555 Gurtler
1241 4516 1292 4555 aue

146 4573 286 4645 Goldberg,
307 4574 371 4646 Lpz.
384 4575 460 4630 1515.
491 4571 551 4642 vgl.
569 4571 694 4640 'Baucln
708 4570 791 4624 Laui.
806 4571 944 4624 Coruinue.
960 4569 1053 4637 tBreeb
1073 4569 1150 4638 188³)
1163 4567 1291 4625 828811.
