2774 4966
126 616 186 679 124
508 612 595 666 Briefe
614 629 663 667 ron
686 612 863 668 rsus-1509.

127 789 271 869 exemplo
296 791 436 869 paterno.
483 789 624 851 Accessit
646 789 800 853 sodalium
825 790 996 865 temeritas,
1021 812 1101 872 quae
1125 796 1156 854 te
1181 790 1260 854 dor-

125 876 200 938 mire
225 896 285 937 non
311 874 517 956 patiebatur²⁸
552 874 724 951 Emersisti,
749 882 779 938 et
796 876 889 939 istam
910 876 1071 941 infamiam
1089 876 1260 951 radicitus,

126 963 152 1023 si
176 961 260 1041 apud
283 960 359 1022 Luci
376 961 592 1042 proseucham'
614 962 787 1024 modestius
804 964 914 1042 egeris,
932 962 1151 1046 errstirpabis.b
1195 962 1261 1027 Re-

126 1048 247 1129 liquisti
279 1053 376 1109 tetros
406 1053 436 1109 et
467 1048 657 1123 cerebrosos,
690 1049 763 1111 item
794 1048 992 1112 adulationes
1015 1049 1198 1113 tabularum
1226 1054 1262 1112 et

128 1134 336 1211 litigiosorum
362 1133 536 1197 barbariem
561 1136 728 1215 variosque
749 1136 910 1197 discursus
926 1141 958 1197 et
976 1135 1099 1199 labores
1115 1134 1260 1199 toleratu

127 1220 283 1282 difficiles.
340 1219 445 1282 llabes
475 1219 583 1283 herum
616 1220 786 1283 humanum
813 1227 843 1283 et
866 1221 999 1296 facilem,
1024 1222 1122 1285 habes
1145 1222 1258 1298 libros,

130 1308 247 1389 poteris
270 1308 348 1368 satis
365 1307 553 1389 abundeque
577 1308 724 1388 prolicere
747 1313 778 1368 et
802 1308 917 1388 pariter
939 1309 1138 1372 auditoribus
1161 1309 1261 1389 prod-

129 1416 205 1455 esse.
255 1394 375 1468 ,thius
398 1393 589 1474 prodimur“,
614 1394 716 1473 inquit
741 1393 871 1456 Plinius.
927 1394 989 1456 Fac
1022 1395 1127 1474 igitur,
1162 1395 1258 1458 utin

128 1488 220 1542 antro
244 1481 443 1559 sacrarioque
469 1479 602 1542 Vallensi
629 1479 705 1542 nihil
729 1503 806 1561 agas
829 1485 884 1542 aut
908 1480 994 1543 dicas
1018 1483 1077 1543 nisi
1107 1488 1257 1544 sanctum

132 1572 163 1628 et
187 1565 270 1645 quod
296 1565 326 1628 in
351 1566 446 1628 <locus
470 1571 501 1629 et
525 1567 654 1647 gloriam
680 1565 779 1628 cedat.
826 1564 934 1648 Neque
958 1568 1040 1629 enirn
1064 1588 1187 1648 semper
1210 1568 1259 1630 la-

125 1652 218 1716 tebis.
264 1651 298 1712 ln
324 1651 422 1715 lucem
451 1654 578 1715 tandem
598 1652 737 1735 prodibis
754 1652 879 1715 futurus
895 1653 1069 1716 advocatus
1085 1659 1116 1715 et
1133 1653 1260 1717 celeber

127 1739 336 1821 jurisperitus.
383 1738 474 1801 Nunc
499 1745 622 1819 tempus
640 1743 696 1800 est.
722 1745 755 1801 ut
773 1739 928 1820 praesidia
944 1761 1115 1820 compares.
1137 1739 1259 1821 quibus

129 1846 275 1887 exerceas
299 1825 468 1887 tribunalia
494 1836 526 1888 et
548 1826 726 1907 pecuniosis
743 1825 801 1888 fori
818 1825 987 1889 lat-ratibus
1008 1847 1163 1889 occurras.
1188 1824 1258 1908 Ego

128 1917 159 1974 te
182 1932 307 1973 monere
342 1934 402 1974 non
441 1913 592 1989 desiuanr,
627 1911 720 1974 modo
753 1934 864 1994 pareas
900 1912 979 1974 berre
1008 1913 1160 1975 mouenti.
1207 1912 1258 1977 Ad

132 2019 272 2061 normam
297 2000 389 2060 velim
413 2020 572 2081 excerpas,
595 2020 658 2061 non
683 2000 821 2061 corrl'use.
868 1997 921 2062 Sic
953 2000 1133 2063 memoriam
1157 1998 1258 2063 facies

130 2084 331 2148 tenaciorem.
370 2083 449 2146 Narn
467 2086 691 2148 annotationes
705 2096 719 2123 ²²
741 2092 845 2150 rectae
861 2086 1088 2168 demensaeque
1111 2085 1258 2149 tenacius

131 2172 270 2234 haerent.
318 2171 432 2252 Accipe
448 2193 601 2234 summam
620 2172 720 2234 nostri
736 2173 898 2254 propositi,
922 2171 1061 2236 sedeam
1079 2180 1115 2234 ut
1130 2194 1257 2236 sacrum

130 2257 304 2321 Palladium
337 2258 418 2320 inter·
449 2281 565 2321 arcana
598 2256 768 2321 custodias.
825 2257 888 2323 Sex
924 2259 1029 2340 capita
1059 2258 1257 2322 constituas:

129 2346 276 2419 rusticus
301 2345 449 2419 urbanus,
474 2346 572 2413 miles,
596 2346 700 2420 liscuS,
724 2348 834 2420 rostra,
852 2346 1005 2408 sacerdos.
1045 2345 1101 2408 His
1122 2345 1258 2409 rubricis

128 2432 270 2513 singulos
294 2432 537 2495 commentarios
560 2431 689 2494 dicebis
736 2431 770 2492 lu
797 2434 946 2495 rusticum
972 2455 1008 2494 ea
1031 2431 1109 2495 refer
1136 2433 1257 2505 omnia,

132 2541 212 2600 quae
235 2518 319 2599 leges
343 2524 372 2580 et
397 2518 539 2582 historici
562 2527 592 2580 et
616 2519 814 2598 grammatici
838 2525 869 2582 et-
893 2526 1012 2581 reteres
1036 2524 1068 2581 et
1090 2519 1163 2580 novi
1180 2541 1257 2582 auc·

130 2610 214 2669 tores
236 2605 368 2667 tradunt
391 2605 430 2667 nd
453 2628 516 2668 rem
541 2606 691 2668 rusticam
716 2606 917 2685 pertinentia.
962 2605 1118 2668 Examina
1140 2604 1258 2669 titulos

130 2692 242 2774 legum.
297 2691 366 2753 Huc
393 2693 530 2773 pertinet
558 2692 683 2754 rubrica
710 2693 748 2752 de
778 2691 875 2755 fundo
907 2693 1062 2755 instructo
1086 2697 1118 2755 et
1141 2697 1257 2755 cetera.

131 2779 260 2842 Pensita
283 2778 432 2842 historias
456 2777 611 2854 Suetonii,
635 2777 724 2854 Livii,
751 2776 889 2841 l'alerii.²
933 2778 1076 2841 Invenies
1099 2780 1130 2841 in
1156 2777 1258 2842 Tran-

128 2863 241 2947 quillo³
265 2866 349 2946 leges
372 2865 531 2947 plurimas,
557 2865 586 2927 in
613 2865 702 2927 Livio
726 2865 1031 2946 appellationes⁸in
1049 2865 1170 2928 Valerio
1192 2886 1257 2928 non

131 2975 230 3034 pauca
258 2952 295 3014 de
327 2953 458 3032 privatis
487 2958 518 3014 et
540 2951 676 3032 publicis
696 2950 833 3031 judiciis.
881 2952 938 3013 Per
960 2952 1185 3033 grammaticos
1210 2953 1259 3014 in-

126 3039 235 3117 tellige
256 3037 458 3101 Beroaldum⁴
482 3044 513 3099 et
536 3037 725 3101 consimiles.
773 3038 861 3114 Quod
886 3038 952 3100 dixi
969 3039 1006 3100 de
1022 3040 1149 3115 rustice,
1174 3038 1257 3102 idern

129 3126 288 3207 intelligas
311 3125 348 3187 de
372 3125 501 3204 reliquis
524 3124 690 3207 capitibus.
738 3124 829 3188 Nunc
853 3125 928 3204 quia
950 3124 1078 3187 titulum
1103 3124 1258 3207 explanas

129 3213 165 3274 de
191 3213 256 3274 rita
278 3211 459 3274 clericorum
477 3212 619 3285 honesta,
645 3211 749 3292 cogita
766 3211 825 3274 tibi
844 3211 874 3273 in
892 3234 988 3273 uranu
1005 3233 1072 3274 esse
1089 3212 1256 3274 materiam

129 3298 363 3361 sacerdotalem.
423 3298 524 3379 :itque
559 3298 628 3360 ideo
664 3297 774 3378 collige
809 3299 889 3360 scitu
927 3298 1024 3378 digna
1058 3303 1089 3359 et.
1124 3297 1257 3360 collecta

129 3386 246 3448 trude⁰
272 3386 301 3446 in
326 3385 597 3459 commentarium,
622 3385 671 3446 cui
695 3385 809 3446 titulus
832 3390 880 3446 est
904 3385 1058 3447 sacerdos.
1114 3384 1258 3459 Quaeris,

128 3472 202 3553 qnid
235 3472 302 3533 deur
341 3470 473 3533 consilii.
528 3471 576 3532 lta
606 3471 718 3532 sentio.
769 3471 888 3552 Repete
912 3472 1009 3533 vitani
1034 3471 1178 3549 Gregorii
1203 3469 1257 3531 IX.

130 3558 212 3639 apud
239 3557 403 3634 l‘latinaur
420 3580 552 3637 eamque
576 3557 614 3617 de.
638 3556 732 3619 rerho
755 3556 794 3618 ad
819 3557 945 3619 rerbunr
972 3558 1067 3619 recita
1083 3556 1257 3637 discipulis,

130 3652 227 3726 utone
251 3644 431 3707 describant
467 3646 572 3717 l'acito,
607 3644 719 3704 deinde
752 3645 849 3705 ritum
884 3643 1052 3706 Alexandri
1085 3642 1148 3713 lll,
1183 3664 1258 3706 mox

130 3732 304 3793 lnrrocentii
336 3730 398 3801 lll.,
435 3731 509 3792 item
533 3730 661 3792 Honorii
687 3729 757 3791 lll.:
791 3731 923 3792 istorum
959 3733 1039 3793 enirn
1070 3729 1257 3810 pontificum

131 3818 246 3881 scrinia
270 3817 452 3899 compilarit
478 3814 688 3878 ltainrnnrhrs⁵
713 3816 835 3878 coloci.
882 3817 979 3879 Crede
995 3815 1083 3892 mihi,
1108 3816 1134 3878 si
1151 3817 1184 3879 in
1200 3838 1257 3879 ser

130 3904 277 3987 primaria
308 3905 413 3986 capita
445 3904 594 3966 lectiones
623 3908 696 3964 tuas
726 3902 836 3982 partiri
868 3903 1001 3966 uolueris
1031 3903 1123 3983 idque
1146 3902 1258 3966 sedulo

132 3990 299 4066 curaveris,
323 3992 389 4053 fore
412 3996 447 4052 ut
472 4011 562 4051 nemo
588 3988 741 4051 habeatur
764 3993 795 4051 te
819 3989 849 4050 in
871 3990 939 4069 jure
963 3996 994 4051 et
1017 3989 1100 4050 civili
1123 3993 1156 4050 et
1179 4009 1259 4070 pon·

132 4078 230 4141 tificio
254 4077 391 4158 peritior,
427 4076 613 4156 praeclarior
645 4080 700 4138 aut
724 4075 823 4155 inagis
859 4076 1000 4138 eximius.
1054 4074 1142 4136 duris
1174 4075 1258 4137 enirn

137 4163 272 4246 peritum
296 4169 327 4225 te
349 4163 526 4226 ostentabis
549 4162 641 4224 aunis
665 4161 880 4241 sequentibus.
925 4161 992 4223 Hoc
1009 4162 1050 4224 sit
1068 4160 1230 4242 negotium
1245 4170 1260 4199 ⁸

136 4251 289 4314 etotium
321 4254 421 4312 tuum.
471 4250 505 4311 ln
535 4248 583 4310 his
606 4253 789 4309 somnuset
813 4248 937 4327 vigiliae
961 4255 1163 4328 reponantur.
1207 4245 1261 4309 Dii

202 4470 216 4496 a
230 4454 253 4506 ci
271 4459 302 4506 sl.
322 4453 348 4506 ri.
403 4453 580 4519 bextirpatus.
634 4451 732 4502 ctrade
755 4450 826 4503 'rr—ns.

202 4522 298 4577 ¹Hcil.
316 4523 398 4576 Strrre
417 4522 573 4590 ilc-sfl'halcs
643 4520 823 4586 tiern'genthal.
878 4519 1035 4572 lllrrrirnns.
1088 4522 1098 4550 ³
1107 4518 1259 4575 Suetonius

243 4592 387 4647 Beroaldus
405 4593 451 4645 der
470 4592 556 4644 altere
574 4606 621 4642 ans
639 4588 754 4655 Bologna
772 4590 791 4652 †
812 4591 882 4642 liris.
918 4588 944 4641 S.
962 4591 995 4640 lh
1013 4592 1043 4641 A.
1064 4591 1085 4643 l.
1164 4587 1257 4643 5Παί-

235 4678 281 4715 ron
301 4662 465 4723 Pennalortc,
483 4662 503 4729 †
523 4660 596 4727 1275,
620 4657 749 4711 Sammler
767 4659 813 4711 der
830 4658 994 4717 llelrretaliop
1013 4660 1124 4729 Gregors
1141 4656 1190 4712 IX.
