2774 4966
547 609 652 665 Mutian
670 627 704 665 an
723 608 823 667 Urban.
1182 613 1244 681 321

124 782 248 849 moneri
270 803 328 846 neo
352 780 531 864 persuaderi
554 780 617 846 sibi
638 781 802 864 permittit.
847 781 969 847 Mecum
992 782 1054 847 fuit
1071 784 1150 849 duce
1164 785 1248 851 Jano

127 866 371 950 Sommeringo‚¹
413 867 599 931 circulatore
635 867 782 949 glorioso,
820 890 896 951 puer
933 868 1132 934 Ambrosius²
1169 871 1249 936 mira

125 955 314 1038 garrulitate
337 954 508 1036 praeditus,
534 953 653 1035 alioqui
672 954 804 1017 festivus
820 959 852 1018 et
867 955 1087 1036 perjucundus,
1130 957 1245 1021 Vellem

126 1044 260 1121 rediret3
292 1041 478 1120 castigarem
511 1040 649 1123 ineptam
682 1042 907 1121 arrogantiam,
936 1046 1041 1105 motus
1069 1044 1187 1124 pietate
1216 1049 1249 1107 et

126 1127 348 1193 misericordia.
394 1125 449 1189 Est
485 1127 568 1188 enim
602 1126 705 1197 miser,
733 1133 822 1208 patre
844 1131 939 1204 caret,
963 1132 994 1191 et
1018 1150 1072 1210 per
1093 1130 1247 1211 quosdam

125 1216 212 1278 sica
235 1214 286 1276 via
309 1217 394 1276 reeta
427 1210 584 1276 abductus
616 1216 708 1289 errat,
740 1217 776 1275 ut
803 1217 894 1293 egeat
927 1215 1099 1279 monitoris.
1144 1215 1247 1293 Error,

125 1299 268 1384 profecto
293 1305 341 1363 est
363 1320 446 1361 error
470 1297 668 1378 frequentare
692 1319 817 1361 mensas
840 1298 975 1362 divitum
999 1305 1030 1364 et
1052 1324 1085 1364 se
1107 1322 1246 1365 scurram

126 1385 333 1450 deridiculum
368 1383 524 1466 praehere,
557 1383 691 1446 fabulari
715 1384 754 1446 ad
778 1385 914 1448 alienum
943 1390 1065 1465 nutum,
1099 1387 1248 1469 effingere

126 1471 329 1538 Gnathonem
362 1465 562 1552 parasitum,⁸
592 1475 826 1550 repraesentare
857 1471 1049 1535 histrionem.
1096 1473 1152 1537 His
1180 1495 1249 1557 per·

128 1559 229 1623 versis
252 1558 407 1620 assuescit
428 1555 569 1619 moribus
591 1561 623 1618 et
642 1555 857 1636 jactabundus
873 1563 1013 1622 ostentat
1034 1559 1081 1622 vel
1103 1558 1246 1624 umbram

126 1644 327 1727 eloquentiae
356 1642 403 1704 vel
433 1641 604 1723 primordia
626 1641 788 1705 doctrinae
818 1644 908 1725 quasi
943 1642 1105 1708 famelicus
1139 1667 1248 1709 saccu-

128 1731 225 1794 larius
259 1730 372 1812 stipem
406 1734 471 1805 aut,
505 1728 531 1791 si
566 1727 625 1790 diis
659 1727 771 1810 placet,
805 1730 990 1812 applausum
1028 1732 1246 1812 quaeritando.

125 1817 248 1899 Ingenii
283 1816 387 1878 lumen
421 1815 454 1877 in
484 1835 520 1884 eo
550 1813 636 1878 lucet
665 1820 696 1876 et
724 1814 839 1896 dignus
872 1815 996 1879 videtur
1028 1816 1249 1899 objurgatione

128 1903 269 1968 salutari.
314 1900 416 1963 Nimis
439 1907 506 1964 erat
527 1899 588 1963 tibi
611 1898 783 1964 familiaris.
824 1901 908 1965 Vidit
930 1901 1000 1965 hem
1025 1902 1126 1985 quid?
1163 1903 1249 1968 Vidit

128 2011 215 2054 meas
244 1988 360 2052 literas.
407 1987 467 2050 Sed
492 1986 523 2049 id
546 1986 642 2049 faram
665 2007 735 2049 meo
758 1988 931 2067 stomacho,
955 2009 994 2052 ne
1017 1988 1190 2054 bellissimo
1212 2012 1250 2054 ac

127 2075 316 2140 suavissimo
362 2072 557 2136 adulescenti
594 2094 663 2135 mea
700 2095 795 2136 causa
831 2094 1025 2139 succenseas.
1072 2075 1154 2139 llale.
1198 2076 1248 2140 IV.

127 2161 225 2225 Eidus
248 2159 405 2236 Quintiles
428 2157 571 2222 MDXIII.
595 2157 728 2222 Gothae.

280 2260 341 2313 l'od.
360 2258 425 2311 Frui.
444 2258 502 2313 273.

127 2450 241 2519 (cotia.)
648 2431 719 2496 262.
1043 2450 1082 2504 13.
1101 2449 1156 2503 rui
1176 2451 1249 2507 1513.

500 2558 644 2630 Mation
666 2579 714 2629 arr
741 2558 877 2630 Urban.

131 2689 322 2758 (Unpv'r'nslipos
355 2688 439 2741 Urtml
463 2688 526 2740 ildcr
553 2689 643 2756 Bonis.
672 2688 815 2742 simoneta.
851 2690 904 2742 Der
928 2688 980 2742 Ab!
1001 2689 1140 2743 lhererea'us
1165 2689 1252 2743 seiher

132 2760 250 2827 Stellanp
269 2759 341 2811 ru'clrt
357 2757 514 2825 ‚qm-aenam.
550 2758 586 2810 M.
606 2758 660 2810 nell
670 2758 719 2810 den
731 2776 780 2810 eme
792 2758 959 2827 Phegelnrann
970 2758 1148 2826 cingesa'tlrrlma
1159 2758 1251 2812 Mr'eter

130 2829 277 2882 amech-rnen
305 2828 361 2879 araret
387 2843 449 2878 aaran
477 2825 539 2878 Ban-
565 2832 643 2879 clauus
670 2827 808 2894 hcilruprm.
850 2827 1061 2897 lerrettnaclrunp
1082 2829 1128 2880 dm·
1147 2827 1250 2884 Kdlncr.

261 2896 365 2949 lt'lom'n
384 2913 446 2961 nrqq
463 2895 609 2962 lbrtsalrren
625 2912 704 2964 pogen
721 2897 763 2948 die
780 2896 954 2965 J’hilosoplan
971 2913 1006 2949 au
1024 2901 1127 2964 emitur.)

183 3012 339 3061 Accurato
358 3010 509 3068 doctoque
527 3011 675 3071 magistro
692 3011 734 3061 Η.
752 3011 879 3062 Urbano
898 3024 1063 3062 oeconomo
1080 3013 1206 3072 praeter

435 3100 555 3148 ceteros
577 3096 754 3167 venerando
772 3097 816 3159 Μ.
833 3096 944 3148 Rufus.

234 3206 265 3270 S.
311 3207 386 3290 Legi
410 3200 537 3273 ἔκδοσιν
559 3211 660 3275 abbae
683 3208 884 3274 carantani*
927 3210 1035 3273 Bonus
1066 3213 1156 3291 pater
1188 3208 1251 3290 pri·

136 3293 217 3356 vatis
232 3295 377 3375 epistolis
393 3297 536 3377 puhlicas
552 3297 700 3360 historias
717 3296 859 3361 involvit.
902 3296 987 3360 Nihil
1004 3294 1251 3378 perplexibilius,

134 3379 212 3443 nihil
252 3381 480 3445 tenebricosins
517 3384 630 3466 legisse
667 3384 804 3446 memini.
860 3383 946 3446 hdeo
984 3381 1168 3462 inaequalis,
1206 3385 1251 3457 ut,

131 3467 275 3548 quamvis
299 3468 499 3549 introspicias
522 3458 796 3552 ἀκριβεστέρωςῇ
819 3470 941 3532 nescias
964 3473 1078 3546 tamen,
1102 3488 1251 3548 quorsum

135 3553 256 3615 tendat.
303 3553 422 3616 Doctus
445 3560 502 3631 est,
534 3556 633 3619 multa
660 3557 729 3631 scit,
758 3576 820 3618 nou
848 3562 954 3618 tamen
983 3555 1104 3631 omnia3
1136 3553 1191 3615 sed
1220 3552 1251 3615 id

134 3638 218 3718 quod
247 3640 316 3714 scit,
347 3639 450 3722 eloqui
475 3663 536 3705 non
567 3648 680 3723 potest.
726 3641 841 3704 Haeret
864 3641 896 3703 in
920 3641 1004 3703 omni
1032 3640 1191 3721 junctura,
1220 3644 1252 3701 et

133 3724 189 3786 ubi
213 3726 331 3804 grande
353 3727 429 3806 quid
454 3748 620 3808 personare
644 3727 776 3801 videtur,
800 3728 826 3790 si
850 3726 1118 3808 propinquaveris,
1138 3746 1252 3788 evane-

132 3811 192 3873 scit
208 3815 360 3892 tanquam
378 3813 500 3876 nebula.
548 3814 737 3877 Veternosus
752 3819 801 3876 est
817 3813 918 3875 stilus.
935 3817 1045 3875 auctor
1059 3810 1252 3888 soloecisteS,

134 3903 167 3958 et
190 3897 262 3959 dum
288 3903 429 3960 ostentat
451 3900 669 3975 eruditionem,
700 3899 776 3961 nihil
801 3898 887 3961 aliud
911 3919 1004 3979 quam
1028 3919 1128 3961 meras
1152 3917 1253 3977 nugas

130 3988 280 4064 praestat.
318 3983 391 4046 Tria>
422 3986 642 4065 potent-issima
665 3985 775 4048 (licam.
822 3983 1252 4047 Pluslaborisexantlavitb

132 4071 164 4131 in
201 4071 406 4150 congerendis
442 4071 582 4152 undique
615 4072 707 4134 relius
745 4092 838 4152 quam
878 4070 1077 4134 collocandis.
1134 4069 1252 4132 Deinde

201 4304 215 4332 ⁸
247 4293 423 4355 aeorflwvouie
494 4294 506 4331 b
521 4291 676 4344 exanclavit.

203 4358 397 4427 ¹Siimrnon'ng
411 4360 506 4427 junior.
525 4361 550 4412 S.
562 4362 611 4412 31?
631 4363 660 4414 Α.
675 4363 695 4413 l.
749 4358 948 4413 ‘satana
1003 4357 1127 4410 ³Pcrson
1146 4356 1181 4409 im
1199 4356 1252 4410 Eu·

137 4429 243 4482 nuchen
263 4431 308 4482 des
326 4428 431 4481 Tornnz.
485 4429 652 4482 ⁴Bonilaeius
670 4429 809 4491 Siruonetn,
828 4428 881 4480 Ant
898 4443 948 4480 uon
959 4428 1051 4480 t'onrn.
1070 4426 1128 4493 l'gl.
1141 4425 1183 4478 Br.
1194 4428 1252 4478 ⁴256.

138 4498 163 4552 S.
182 4498 264 4551 Wcrk
282 4498 321 4550 Ile
339 4499 563 4565 persecutionibus
583 4499 671 4550 clrn'st.
690 4496 751 4550 tidei
768 4500 795 4549 et
812 4513 875 4551 rom.
895 4502 963 4563 pont.
983 4512 1037 4548 war
1054 4495 1079 4547 in
1091 4496 1149 4572 ‚till
1167 4493 1252 4546 Briolo

132 4567 358 4691 fflgssctqilgfflnns
386 4567 419 4619 hl.
448 4567 535 4620 tadelt.
575 4570 596 4618 l.
616 4569 695 4634 Ansg.
713 4565 817 4620 Modiol.
842 4567 916 4630 1492,
940 4565 964 4619 2.
989 4580 1039 4616 ron
1063 4563 1133 4616 ther.
1161 4561 1253 4615 Errrser·

159 4726 292 4768 enacmin
306 4727 332 4766 rs.
346 4727 372 4766 e.
387 4724 465 4773 Suppl.
478 4725 519 4763 rx.
1009 4703 1053 4767 ‘tl
