2774 4966
542 617 648 673 Mutian
665 635 700 672 sn
719 617 819 672 Urbau.
1175 618 1238 683 105

123 810 257 872 spargere
288 790 445 875 lympha.“
493 790 554 854 Sed
584 793 610 855 si
638 793 818 874 aspersione
846 814 946 874 aquae
975 791 1062 853 labes
1090 812 1237 872 corporea

125 876 244 942 tollitur.
269 876 396 941 Oceano
420 901 500 961 opus
523 886 580 949 est,
605 885 641 941 nt
663 879 761 942 animi
784 878 892 941 sordes
923 877 1142 951 maculemus,
1175 900 1237 959 quo

127 964 195 1027 casti
216 966 321 1027 animo
345 971 377 1027 et.
400 987 528 1046 corpore
551 965 702 1028 obeamus
727 966 832 1028 divina
853 965 1009 1046 mysteria.
1056 963 1239 1044 Nymphaea

129 1049 308 1130 appellamus
332 1052 456 1113 lavacra
480 1059 512 1114 et
536 1051 580 1115 ita
603 1051 761 1135 losephus
786 1053 1018 1132 interpretatur.
1056 1049 1160 1113 Julius
1178 1049 1237 1113 Ca·

130 1136 263 1216 pitolinus
276 1138 383 1201 refert:
404 1140 524 1220 „Opera
538 1138 689 1202 Gordiani
707 1139 825 1201 Rornae
842 1137 927 1200 nulla
943 1143 1074 1199 exstant
1087 1149 1101 1176 ⁵
1118 1144 1240 1218 praeter

131 1223 264 1301 quaedam
297 1224 473 1306 nymphaea
507 1230 539 1287 et
570 1225 733 1299 balneas“‚
767 1225 820 1288 nbi
856 1223 1032 1307 nymphaea
1066 1225 1238 1304 accipimus

133 1328 175 1387 pro
193 1309 323 1374 lavacris
346 1318 376 1374 et
394 1311 533 1374 thermis.
581 1312 656 1375 Esse
679 1318 783 1375 autem
808 1316 913 1374 aetate
930 1316 1038 1373 nostra
1056 1310 1086 1371 in
1111 1310 1237 1392 templis

135 1395 287 1478 nymphaea
317 1397 390 1478 quis
422 1398 571 1477 ignorat?
616 1398 703 1480 (lpus
726 1405 774 1459 est.
797 1398 929 1460 sacratis
954 1397 1085 1477 primum
1111 1397 1237 1459 esuriali

137 1483 311 1557 castimonia,
343 1490 380 1546 ut
407 1483 520 1546 (leinrle
551 1507 625 1566 pure
658 1486 735 1548 lauti
760 1485 789 1547 in
815 1484 984 1546 sacrarium
1009 1484 1183 1545 ascendant
1206 1492 1238 1546 et

137 1565 185 1628 vita
202 1572 326 1631 aeterna
344 1570 412 1651 puti
429 1571 572 1652 castique
589 1572 742 1634 truantur.
791 1569 867 1632 Nam
885 1575 921 1632 ut
936 1570 1075 1632 auctorb
1098 1573 1146 1631 est
1163 1569 1238 1631 Por·

138 1648 240 1730 phyrins
263 1655 449 1719 Platonicus
472 1656 553 1720 libro
576 1657 624 1719 lV.
650 1659 686 1720 de
710 1657 881 1732 sacrificiis,
914 1657 979 1719 vita
1007 1662 1135 1719 aeterna
1163 1677 1238 1718 cou-

136 1736 231 1804 tiuelur
246 1743 459 1807 sanctimonia
476 1750 508 1805 et
523 1743 718 1808 abstinentia
736 1744 776 1806 ab
795 1766 848 1806 esu
866 1742 1076 1805 animalium'
1120 1742 1173 1822 „Si
1190 1743 1237 1804 vis

138 1825 246 1903 perlecta
280 1829 416 1903 virere“‚
450 1829 658 1912 Hieronymus
688 1832 801 1912 inquit,
843 1830 974 1910 „melius
1007 1837 1056 1892 est
1092 1829 1238 1910 saginare

138 1909 247 1976 animam
271 1935 368 1995 quarn
393 1916 534 1998 corpus.“
583 1917 682 1982 Polus
705 1918 768 1979 vini
793 1919 959 1996 carnisque
976 1917 1128 1979 saturitas
1144 1916 1238 1979 semi·

139 1998 234 2062 narium
257 2001 400 2066 libidinis
423 2008 480 2066 est.
526 2003 637 2086 ltaque
664 2005 808 2087 Aegyptii
831 2003 1010 2065 sacerdotes
1032 2013 1064 2064 et
1088 2002 1238 2065 carnibus

141 2090 166 2143 et
183 2086 243 2149 vino
264 2088 499 2163 abstinuerunt,
524 2092 577 2172 qni
601 2113 661 2154 ova
685 2113 810 2172 qnoque
834 2095 865 2152 et
889 2090 937 2152 lac
959 2091 990 2152 in
1015 2089 1095 2152 cibis
1119 2089 1238 2151 vitave-

140 2174 202 2233 runt.
240 2173 309 2237 lam
327 2177 359 2239 in
377 2176 494 2257 templo
512 2176 679 2240 Eleusinae
704 2176 825 2240 Cereris
850 2175 927 2239 haec
950 2177 1011 2239 tria
1033 2175 1236 2257 legebantur:

140 2251 313 2324 honorandus
338 2270 496 2342 parentes,
520 2264 716 2328 venerandos
740 2264 824 2340 deos,
849 2263 998 2326 carnibus
1022 2284 1084 2326 non
1111 2285 1237 2326 vescen-

140 2339 202 2406 tlun.
243 2345 342 2424 Plato,
371 2348 485 2424 Moses,
515 2358 623 2414 nostra
658 2351 782 2414 decreta
810 2350 980 2432 prohibent
1003 2350 1165 2413 ministros
1187 2372 1238 2413 sa·

141 2447 234 2495 crurum
257 2435 365 2499 vinum
384 2441 415 2499 et
430 2437 562 2500 siceram
589 2438 703 2514 bibere,
728 2460 767 2501 ne
783 2436 936 2500 ebrietate
952 2441 1124 2518 graventur
1143 2438 1238 2500 corda

141 2533 230 2595 eurum,
244 2527 275 2584 et
290 2523 366 2604 qnia
384 2523 559 2588 vinolentia
577 2525 770 2606 prohibetur,
787 2524 878 2606 gulae
895 2523 1166 2606 intemperantia⁰
1184 2546 1237 2586 ne·

141 2619 267 2746 prquam
279 2610 488 2691 permittitur3
501 2619 670 2694 utrumque
684 2612 808 2675 vitiumc
824 2610 1020 2694 improbatur
1033 2610 1239 2675 distinctione

142 2685 254 2783 :llll
270 2695 400 2776 „Vivere
424 2697 461 2760 de
478 2698 581 2774 altari,
598 2721 660 2762 non
680 2699 830 2762 luxuriari
847 2695 1076 2761 conceditur.“²
1101 2697 1239 2762 Peccant

143 2781 222 2868 fertur,
242 2783 294 2864 qui
318 2784 605 2848 comessationibus
622 2792 654 2849 et.
670 2786 822 2848 ebrietate
839 2783 987 2847 rlelectati
1004 2789 1239 2867 compotatores

143 2861 249 2931 inritant
271 2870 309 2931 ad
335 2870 512 2952 prandium.
559 2872 686 2937 Utinam
710 2873 791 2935 ritus
815 2878 846 2934 et
869 2893 936 2934 mos
957 2871 1238 2952 hierophantarum

143 2945 219 3014 adhuc
233 2957 365 3032 duraret,
383 2957 487 3020 sobrie
505 2959 622 3022 viveret
639 2959 739 3022 clerus
756 2965 787 3022 et
805 2958 924 3021 castius
941 2963 1099 3020 castratus
1120 2963 1236 3039 ageret.

147 3030 277 3131 „lenter“,
298 3045 405 3124 inquit
416 3042 625 3127 Hieronymus
643 3051 759 3119 noster,
781 3050 830 3123 „et
846 3044 998 3126 genitalia
1014 3044 1144 3108 sibimet
1160 3045 1238 3128 ipsis

144 3138 221 3215 rinna
240 3137 323 3206 sunt,
345 3136 382 3194 ut
399 3153 437 3193 ex
455 3131 618 3195 vicinitate
636 3134 847 3195 membrorum
865 3131 1125 3195 confoederatio⁰
1147 3131 1239 3195 intel-

143 3203 231 3289 ligatur
252 3217 428 3281 vitiorum.“
448 3215 481 3258 ⁰⁸
525 3218 639 3281 Venter
660 3219 742 3281 enim
768 3240 852 3282 mero
874 3223 1024 3281 aestuans
1040 3217 1131 3281 facile
1148 3218 1238 3281 effer-

144 3298 216 3362 raet
242 3308 272 3366 et
299 3304 516 3369 inflammatur
543 3306 573 3366 in
608 3305 778 3368 libidinem.
826 3304 945 3368 Contra
967 3304 1036 3367 sine
1060 3304 1184 3369 Baccho
1207 3312 1239 3368 et

143 3376 224 3449 Cerere
244 3389 337 3471 friget
360 3391 466 3454 Venus
489 3398 569 3454 teste
592 3390 764 3454 Terentio.⁴
811 3391 893 3471 Lege
917 3391 1031 3454 librum
1057 3391 1238 3473 Hieronymi

142 3466 357 3539 adlleruntiam
388 3479 426 3540 (le
461 3478 670 3560 monogamia.
734 3477 949 3559 llieroplranta
979 3479 1062 3559 apud
1099 3477 1239 3541 lltlrenas

142 3554 218 3621 evim
238 3564 333 3626 virum
359 3571 391 3626 et
414 3564 460 3626 sic
482 3570 612 3626 aeterna
636 3564 800 3627 debilitate
824 3566 860 3625 lit
883 3569 999 3627 castus.
1047 3563 1139 3627 Tales
1162 3573 1238 3628 sunt

144 3645 260 3733 purruchi,
283 3650 336 3732 qni
361 3673 394 3711 se
419 3651 504 3731 ipsus
528 3659 708 3714 castrarent
732 3658 858 3732 propter
881 3674 977 3730 regna
1002 3650 1170 3721 coelorum,
1203 3659 1239 3714 ut

142 3744 164 3786 tn
181 3727 338 3816 Evangelio
366 3738 518 3817 scriptum
544 3744 600 3800 est.
653 3738 805 3818 Origenes
835 3737 885 3800 ille
917 3737 1065 3817 magister
1089 3738 1239 3801 ecclesiae

141 3832 165 3872 ⁸0
181 3817 269 3899 ipsum
294 3824 456 3901 castravit,
489 3847 596 3887 vocem
628 3824 817 3887 dominicam
843 3825 944 3904 magis
968 3825 1118 3887 historico
1143 3848 1239 3906 quum

142 3906 246 3982 mystico
268 3903 432 3972 intellectu
460 3911 643 3992 percipiens.
691 3910 899 3973 Athenienses
924 3911 1029 3974 herbis
1045 3911 1238 3993 quibusdam

140 3988 163 4045 tl
180 3991 267 4057 nobili
284 3996 407 4058 cicutae
424 3997 537 4077 poculo
554 3997 840 4060 emasculabantur.
880 3997 1045 4060 Nostrates
1062 4021 1093 4059 se
1108 3997 1238 4079 jejuniis

138 4075 161 4132 el
173 4076 261 4143 victus
278 4082 472 4163 parsimonia
490 4082 736 4163 frugalitateque
754 4083 968 4159 macerabant,
991 4092 1024 4146 ut
1039 4085 1132 4165 juxta
1149 4107 1238 4166 prae-

137 4160 261 4244 scriptum
291 4165 454 4231 Ciceronis
478 4170 696 4232 castimoniam
722 4170 861 4251 corporis
885 4176 916 4232 et
938 4171 1035 4233 animi
1060 4171 1158 4234 sacris
1183 4171 1238 4233 ad-

183 4376 301 4425 tentant.
374 4376 387 4412 ¹¹
402 4373 502 4427 author.
574 4376 623 4425 vri
642 4381 672 4425 st.
692 4375 718 4427 ti.
790 4375 914 4427 ‹txlrtt

185 4440 332 4494 'llassellre
360 4444 428 4493 tJ-rtat
457 4442 482 4493 iu
512 4443 553 4495 trr.
586 4447 638 4496 lar.
688 4450 740 4495 itus
770 4445 865 4496 ,llrusil
894 4445 998 4496 lirinus
1029 4446 1178 4512 ,ltrslegnnp
1205 4465 1237 4499 ru

131 4498 236 4575 lepte-r.
263 4511 329 4564 l'eu.
357 4512 433 4563 lint.
471 4516 534 4580 tlpp.
555 4512 614 4565 llus.
637 4516 709 4575 lz'rtil,
728 4513 761 4578 tl,
783 4517 854 4566 tutti,
927 4515 1056 4566 ²lu·‹.·r·‹=r.
1076 4515 1094 4568 l.
1123 4517 1186 4568 llist.
1205 4519 1239 4567 44

128 4574 173 4631 lul,
199 4564 257 4650 l'gt.
274 4580 342 4634 Dist
362 4581 405 4647 35,
424 4582 450 4633 tt.
485 4580 538 4633 lter
556 4582 616 4636 t'orl.
637 4583 683 4634 hat
701 4583 775 4634 «aneu
795 4582 988 4635 Sclueiblclrler
1006 4584 1031 4635 in
1050 4584 1096 4636 tler
1114 4584 1178 4638 Zulrl
1197 4587 1237 4638 43.

152 4644 341 4705 'aramme
362 4648 428 4719 Opp.
447 4649 495 4719 Ill,
515 4651 570 4706 135.
643 4650 735 4705 ‘Eun
754 4651 799 4720 IV,
818 4655 842 4720 ι’),
861 4652 884 4705 ll.
