2774 4966
375 33 1329 291 -

545 114 552 133 .

125 608 189 674 362
539 612 628 671 Brieto
644 613 692 668 des
708 612 734 669 J.
753 614 827 669 rara

127 784 183 849 sed
222 785 335 848 cursim
369 788 402 848 et
435 783 554 861 leviter,
591 805 654 848 non
691 784 731 848 ad
768 784 1032 868 perpendiculum.
1089 784 1172 851 Nam
1209 790 1248 853 ut

126 870 283 952 quaedam
307 874 390 933 recte
412 871 604 948 eximuntur,
627 872 673 935 ita
694 870 795 935 multa
810 870 1001 953 interjeceris
1023 872 1073 937 vel
1096 871 1246 939 latiniore

127 955 176 1020 vel
208 957 310 1038 magis
344 957 490 1019 instituto
524 960 744 1032 consentanea,
783 955 838 1020 aad
875 958 981 1020 omnia
1018 956 1180 1021 destruere
1214 962 1248 1023 et

129 1063 240 1106 novam
265 1042 396 1106 formam
420 1044 585 1124 praefinire
607 1042 694 1117 velle,
717 1043 862 1123 quamvis
884 1063 963 1123 opus
986 1050 1070 1106 esset
1102 1042 1246 1126 pulcher-

127 1130 250 1205 rimum,
281 1129 307 1190 si
338 1128 415 1190 bene
445 1127 670 1204 absolveretur,
704 1131 810 1191 tamen
840 1128 871 1190 in
902 1131 993 1191 tanta
1025 1129 1244 1194 illiteratorum

127 1214 221 1278 turba
254 1212 419 1277 ridiculum
455 1213 622 1277 haberetur
651 1217 683 1277 et
716 1235 770 1295 pro
801 1215 923 1295 poetico
959 1213 1111 1295 figmento
1145 1216 1246 1279 clerus

128 1300 261 1382 agrestis
273 1299 463 1381 exploderet.
496 1299 631 1363 Mediam
644 1300 741 1380 igitur
754 1300 835 1363 viam
848 1301 1009 1380 ingressus
1024 1301 1064 1365 ad
1080 1301 1245 1366 sinistram

128 1408 228 1468 nugas
250 1390 282 1448 et
304 1386 386 1466 lyras
415 1385 632 1459 tabellionum,
664 1385 702 1448 ad
735 1385 877 1449 dextram
909 1386 1126 1467 elegantiam·
1152 1408 1246 1451 exuo-

126 1473 281 1536 tissimam
317 1471 425 1535 timide
459 1471 596 1552 quidem,
631 1470 684 1533 sed
719 1475 823 1535 tamen
858 1470 1023 1552 reliquisti.
1068 1471 1103 1535 ln
1140 1472 1245 1537 verbis

127 1559 187 1623 etsi
220 1578 282 1620 non
313 1558 390 1621 odor
419 1557 525 1620 suaevis
555 1560 588 1619 et
617 1556 802 1629 ambrosius,
831 1557 861 1619 in
885 1558 1053 1621 sententiis
1086 1559 1148 1622 etsi
1182 1578 1244 1622 non

129 1665 221 1725 sapor
244 1643 370 1707 delicati
392 1641 557 1722 stomachi,
580 1647 689 1724 putere
704 1649 809 1706 tamen
826 1641 918 1724 longe
935 1644 1083 1724 pauciora
1099 1643 1246 1708 videntur

129 1750 223 1812 quam
261 1731 292 1794 in
330 1728 444 1792 libellis
480 1728 670 1791 nebularum.
731 1727 801 1790 Non
839 1733 955 1791 temere
991 1730 1142 1803 excurris,
1182 1750 1246 1793 non

128 1814 301 1897 amplificas
323 1816 550 1897 superstitiose,
574 1819 610 1877 ut
633 1814 671 1876 fit
691 1815 724 1876 in
748 1813 901 1894 ejusmodi
923 1815 1045 1896 edictis,
1073 1815 1128 1879 sed
1151 1814 1244 1897 pede·

127 1903 242 1965 tentim
273 1900 426 1978 ambulas,
449 1901 538 1981 gravi
560 1900 627 1963 viro
650 1902 682 1963 ct
701 1898 809 1981 jejuno
833 1899 963 1963 similior
992 1922 1085 1983 quam
1117 1906 1174 1964 aut
1199 1900 1246 1964 la·

128 1988 272 2053 scivienti
295 1992 351 2051 aut
373 1987 552 2050 ambitioso.
592 1985 734 2065 Denique
751 1989 787 2048 ut
802 1984 896 2048 semel
914 1986 1015 2050 dicam
1032 1986 1116 2069 quod
1132 1987 1247 2063 sentio,

127 2074 303 2138 necessaria
334 2074 436 2156 ponis,
468 2093 530 2136 non
562 2072 721 2153 exquisita
750 2076 783 2137 et
810 2070 926 2135 fucata.
972 2072 1040 2149 Qua
1070 2074 1104 2136 in
1139 2094 1181 2145 re,
1212 2076 1248 2136 ut

127 2165 199 2223 utar
232 2159 363 2241 antiquo
401 2157 559 2221 Pacuviib
596 2156 702 2233 verbo,
739 2157 818 2221 satis
854 2179 887 2221 es
925 2156 1102 2240 clipeatue.¹
1158 2157 1248 2222 Paeti

128 2245 262 2310 formula
286 2246 385 2326 magis
408 2244 550 2307 luxuriat
572 2246 603 2306 et
626 2242 715 2306 illoto
738 2242 816 2326 pede
832 2245 929 2307 currit
944 2245 976 2306 in
994 2245 1097 2308 stadio
1115 2245 1247 2308 usitato.

127 2331 273 2396 Imitatus
296 2338 344 2393 est
366 2327 481 2393 Rufus²
506 2329 660 2393 forensem
685 2351 774 2392 usum
799 2329 923 2393 dicendi
947 2336 978 2393 et
1000 2331 1157 2413 expressit
1172 2350 1246 2394 con·

129 2424 251 2482 textum
277 2418 415 2498 vulgaris
438 2416 561 2479 notarii.
607 2414 641 2476 In
659 2437 716 2478 suo
733 2437 842 2497 campo
860 2438 948 2479 suam
972 2418 1053 2479 sevit
1075 2416 1242 2500 siliginem.

129 2504 196 2587 Ego
220 2525 281 2567 rem
306 2503 482 2567 examinavi
508 2511 548 2578 ot,
572 2512 608 2564 ut
631 2501 772 2583 proxima
788 2503 908 2584 scripsi,
925 2502 997 2566 fidei
1015 2498 1243 2567 Ditmarianac'

129 2612 239 2674 parum
261 2590 377 2653 tribuo.
424 2588 484 2651 Sed
507 2589 655 2669 quoniam
679 2588 843 2650 dissentire
868 2588 977 2651 melius
1001 2610 1128 2670 possum
1149 2611 1243 2671 quam

130 2676 304 2753 aedificare,
328 2696 422 2756 cogor·
445 2678 528 2738 stare
550 2674 716 2736 conventis
737 2678 769 2736 et
793 2673 916 2755 placitis
944 2676 1073 2753 vestris;
1104 2673 1244 2739 futurum

130 2769 236 2827 tamen
270 2762 431 2827 denuntio.
455 2767 490 2824 ut
513 2760 620 2822 vicarii
653 2760 846 2840 poeniteant.
892 2761 1032 2841 Ipsorum
1067 2761 1109 2823 sit
1143 2760 1244 2843 culpa.

131 2848 178 2912 Tu
212 2848 387 2933 provideas,
421 2869 459 2909 ne
494 2845 582 2908 fallat
615 2866 673 2907 nos
709 2846 877 2919 llitmarus,
912 2847 966 2908 scd
1000 2846 1247 2929 quinquennalis

129 2956 290 3020 possessor
323 2932 464 2997 conferat
486 2933 518 2995 in
542 2935 732 2994 structuram
763 2929 820 2993 XX
849 2952 960 2994 aureos
984 2931 1078 3012 juxta
1106 2932 1244 3014 regulam

129 3023 214 3105 pacti
237 3021 343 3095 vestri,
366 3020 417 3083 cui
440 3015 613 3081 subscribo.
661 3016 709 3079 Ad
731 3038 777 3092 ea,
800 3017 847 3080 vir
869 3018 997 3098 optime,
1029 3039 1111 3099 quae
1141 3018 1245 3098 Nepo-

128 3106 232 3172 tiano⁴
267 3104 462 3181 demandavi,
495 3105 522 3167 si
549 3108 650 3176 vacat,
679 3103 804 3184 copiose
836 3104 999 3166 rescribas.
1044 3103 1138 3167 Redit
1172 3104 1247 3167 Ver·
1274 3103 1279 3113 '

129 3198 260 3258 tamnus
293 3192 447 3256 allaturus
483 3189 674 3253 vindemiam
711 3188 909 3251 uberrimam.
965 3184 1121 3273 Σείριοςο
1158 3191 1245 3267 arsit,

24 3284 28 3291 '
135 3278 287 3363 ,pomifer
323 3283 494 3340 autumnus
530 3281 638 3337 tenero
675 3273 731 3337 dat
767 3275 895 3358 palmite.
933 3273 1099 3338 fructum.“
1159 3275 1244 3339 Vale.

133 3366 172 3429 X.
198 3365 261 3430 cal.
286 3363 372 3447 Sept.
398 3365 488 3426 Anno
511 3360 620 3424 DXlll.

281 3464 341 3518 (lod.
359 3462 425 3516 Frcf.
444 3462 508 3516 354.

130 3618 246 3688 (oona.)
654 3596 726 3661 296.
1028 3613 1068 3667 as.
1087 3615 1152 3683 Aug.
1174 3616 1248 3669 1513.

512 3724 645 3796 Janus‘
668 3743 717 3793 an
738 3722 876 3793 Urban.

129 3857 224 3924 (Ritus
248 3874 293 3909 urrr
314 3855 359 3908 eia
380 3855 497 3908 Darlelm
518 3870 569 3905 noa
592 3852 626 3904 10
651 3853 700 3917 (lt,
725 3869 770 3904 am
796 3853 868 3904 nield
891 3869 936 3904 cor
960 3851 1067 3905 Medica
1085 3852 1128 3904 ala
1145 3851 1252 3920 Ldpner

239 3925 390 3979 caesarem.
426 3922 571 3992 Nepotiane
588 3920 801 3974 Besclrcidenlreit.
836 3921 937 3973 Besuclr
957 3920 1142 3981 Theoderielre.)

200 4040 269 4090 Dira
286 4050 373 4088 sacro
391 4041 423 4087 et
440 4038 601 4087 Minervae
618 4035 659 4085 H.
676 4034 813 4093 Urbano,
830 4047 885 4085 auo
903 4038 1034 4095 patrono
1053 4032 1181 4084 colendo

561 4121 661 4172 Janue
678 4120 821 4171 Urbicus.

238 4236 270 4300 S.
317 4234 478 4299 Gloriatur·
515 4256 547 4297 se
586 4233 756 4311 lllutianus,
795 4231 919 4296 Urbane
955 4232 1181 4308 amantissime,
1219 4235 1252 4294 te

155 4346 158 4350 .
182 4341 355 4441 'i'engantia
426 4374 439 4411 b
462 4368 563 4422 rvaenini.
634 4367 747 4433 erq'proa

199 4440 285 4494 ¹Pac.
305 4441 347 4492 bci
367 4439 432 4492 Non.
466 4438 486 4501 l,
507 4440 562 4514 lid.
617 4437 626 4469 ²
644 4436 698 4489 Der
714 4435 852 4489 Sohreiber
864 4436 910 4488 dos
922 4435 1069 4489 Koutralrts.
1087 4435 1112 4487 ὃ.
1123 4435 1248 4487 abbas.

129 4513 140 4545 ⁸
157 4507 276 4562 Dietmar
296 4525 350 4562 war
367 4508 413 4560 der
429 4522 497 4559 neuo
514 4505 607 4559 Mreter
624 4503 797 4597 destinasse.
816 4504 858 4557 Br.
878 4503 934 4605 {32
971 4575 982 4606 s
998 4501 1250 4626 bpbpglurgmflffgffi

207 4590 226 4626 κ
238 4575 706 4702 iiidiieri⁰ii1i⁰dsiiiiuiiii
728 4573 1045 4697 {abstitimus
1062 4612 1163 4695 uda.
