2774 4966
403 39 1357 272 l-

123 610 187 678 446
540 606 628 663 Bricla
645 606 693 662 des
710 607 736 662 J.
757 609 831 663 1514.

129 782 271 847 carmina
292 781 433 857 Davidis,
456 800 537 860 quae
560 778 763 861 Stapulensia
796 777 925 860 collegit
947 784 978 843 et
1001 779 1167 863 colligavit
1194 782 1262 848 imo

129 867 297 943 enarravit,
321 867 362 929 ad
384 888 434 928 me
457 866 589 928 dederis.
635 863 760 928 Miraris
781 865 813 926 id
837 885 918 946 opus
940 869 1016 929 ante
1038 867 1117 930 mibi
1139 866 1261 933 lectum

128 975 191 1018 non
216 974 293 1029 esse,
318 959 354 1016 ut
376 953 432 1032 qui
459 951 575 1014 soleam
600 972 650 1013 me
673 951 704 1011 in
729 949 830 1012 literis
862 950 978 1013 abdere.
1001 955 1033 1014 et
1055 951 1263 1018 abditissima

127 1059 270 1120 quaeque
305 1041 438 1100 tentare.
495 1035 607 1116 ltaque
634 1030 698 1116 qu'a
726 1056 775 1097 me
806 1056 915 1098 censes
949 1036 1098 1100 affectum
1133 1036 1263 1103 laetitia

127 1129 184 1188 aut
214 1128 368 1203 quantum
395 1143 444 1184 me
466 1120 526 1184 tibi
549 1120 662 1183 debere
696 1119 815 1201 putas?
859 1120 970 1202 Neque
1003 1122 1088 1183 enim
1122 1124 1262 1203 pretium

125 1214 252 1273 tantum
277 1206 468 1270 numerabo:
493 1205 546 1268 sod
570 1207 598 1267 si
620 1205 851 1267 Damascenum
874 1204 1042 1269 Psalterio¹
1074 1206 1263 1289 adjunxeris

127 1297 176 1375 (ut
198 1295 316 1376 pariter
338 1296 525 1372 tergotenus
548 1289 722 1368 haereant).
748 1289 871 1352 fatebor
888 1312 937 1353 me
952 1296 1057 1354 totuin
1081 1313 1149 1355 essa
1167 1298 1262 1357 tuum

128 1379 331 1459 mancipium.
377 1377 614 1457 Castigationes
636 1373 805 1438 Vallensis²
829 1376 929 1438 amisi.
976 1375 1126 1440 Rufinus'
1144 1379 1265 1460 opinor

127 1464 288 1543 surripuit.
342 1461 452 1524 Scribe
478 1461 511 1523 in
543 1461 722 1523 calendario
754 1460 855 1522 debili
885 1482 1052 1539 summam,
1080 1468 1117 1525 ut
1142 1483 1264 1528 nomen

126 1549 187 1613 tibi
210 1548 388 1627 obligatum
412 1567 467 1628 pro
490 1546 579 1610 libris
602 1551 633 1609 et
656 1546 728 1608 aliis
759 1546 853 1608 rebus
883 1547 1025 1609 emendis
1055 1546 1261 1630 dispungam.

127 1631 307 1697 Hersfeldo‘
338 1632 445 1694 darem
470 1665 507 1675 -
533 1631 636 1711 quid?
665 1630 781 1693 nescio.
827 1629 914 1706 Vide,
942 1632 1019 1712 quid
1049 1632 1189 1696 dandum
1218 1635 1266 1698 sit

127 1718 297 1782 honorario
329 1720 360 1780 et
387 1736 521 1780 amoeno
557 1737 663 1798 puero.
710 1715 831 1778 Forsan
867 1717 966 1780 credit
988 1718 1020 1779 in
1044 1738 1078 1780 se
1101 1739 1160 1780 nos
1191 1740 1265 1783 csse

128 1805 272 1884 ingratos
296 1807 328 1866 et
356 1803 448 1882 quasi
483 1802 646 1864 exaruisse
680 1800 797 1864 favoris
831 1804 864 1863 et
896 1803 1013 1865 amoris
1046 1823 1164 1866 semen.
1209 1804 1266 1868 ln·

127 1890 254 1968 telligat-
276 1892 309 1950 et
331 1890 502 1967 cognoscat
525 1891 637 1949 tantus
660 1887 707 1948 vir
729 1887 845 1958 (virum
868 1886 1003 1966 appelle,
1027 1888 1103 1968 quia
1119 1887 1266 1954 adolevit

127 1975 160 2036 in
196 1975 316 2055 justam
354 1977 387 2034 et
423 1970 629 2051 spectabilem
667 1972 803 2051 speciem
843 1975 875 2032 et
912 1971 1045 2034 formam
1084 1973 1264 2055 liberalem)

128 2060 291 2122 cerebrum
314 2056 419 2120 adhuc
443 2056 558 2119 habere
588 2055 779 2118 Matianum.
824 2055 981 2118 iudicabo
1004 2061 1037 2120 te
1059 2058 1265 2139 prudentem,

128 2144 155 2207 si
179 2142 342 2226 pulchram
377 2163 511 2204 mercem
546 2141 674 2218 emeris3
708 2139 830 2202 felicem
866 2141 996 2220 putabo,
1020 2144 1047 2204 si
1070 2144 1262 2224 pretiosam;

129 2231 265 2292 amicum
299 2233 407 2290 tamen
442 2225 576 2302 habeba,
610 2226 677 2288 sive
710 2225 850 2305 aliquam
883 2227 949 2288 sive
984 2227 1113 2290 nullam.
1171 2228 1263 2295 Vale.

131 2314 208 2378 Post
229 2312 439 2377 temulentam
462 2311 639 2392 epistolam.
686 2310 771 2373 Hora
794 2311 897 2373 tertia.

282 2412 344 2466 Cod.
363 2410 429 2464 Frcl.
448 2410 506 2463 302.

130 2599 245 2669 (oona.)
655 2582 727 2645 375.
1081 2598 1153 2668 (rua
1174 2601 1267 2671 1514.)

505 2705 650 2775 llutian
673 2726 721 2774 an
746 2705 883 2775 Urban.

315 2836 326 2899 (
333 2832 443 2900 ll'ci'gcrt
460 2832 517 2886 sich
535 2833 580 2884 ein
600 2833 731 2886 Geaclrcnl·
754 2832 859 2886 Urbana
877 2833 1079 2899 corundrman.)

523 2946 652 2995 Urbano
671 2944 725 3011 (M.
743 2944 866 3012 Rudis).

236 3056 268 3121 S.
315 3053 423 3119 Serius
446 3057 595 3138 opinione
618 3078 688 3120 mea
710 3056 805 3120 rediit
833 3056 992 3119 Publius.⁵
1037 3055 1138 3119 Credo
1161 3057 1208 3121 ita
1231 3062 1266 3120 te

132 3143 262 3217 sentire,
285 3146 322 3205 ut
344 3141 473 3218 scribis3
498 3142 575 3204 fides
599 3143 681 3204 enim
706 3149 760 3205 tua
777 3164 841 3205 non
859 3142 995 3204 vacillat.
1042 3141 1108 3222 Ego
1125 3144 1265 3221 pretium

131 3227 314 3304 numerabo,
349 3232 385 3289 tu
417 3225 548 3289 indica.s
597 3227 632 3289 ld
670 3228 731 3290 nisi
763 3228 883 3303 leceris,
919 3249 981 3289 non
1017 3226 1141 3289 habebo
1177 3228 1265 3291 dono

134 3315 254 3391 datum,
278 3313 332 3375 sed
356 3313 524 3374 remittam.
573 3312 658 3375 Adeo
682 3334 749 3375 sum
775 3313 972 3375 verecundus
995 3317 1026 3375 et
1049 3333 1120 3375 cum
1141 3313 1266 3392 pudore

132 3406 315 3464 contumax.
363 3397 444 3460 Vale.
490 3395 562 3460 Nox
585 3398 692 3460 tardat
714 3398 880 3460 calamum.

286 3498 346 3552 Cod.
365 3496 432 3550 Frcl.
451 3498 509 3549 310.

133 3688 249 3757 (cotra)
659 3669 731 3733 376.
1081 3684 1155 3750 (run
1174 3686 1265 3752 1514.)

508 3795 652 3865 Mutian
676 3816 724 3864 an
747 3795 887 3866 Urban.
1050 3779 1060 3797 ’

133 3923 363 3992 (Arrssr'lhrlr'clwrc
382 3923 617 3991 Errlacleclrlioaag,
636 3924 685 3976 dus
706 3922 921 3976 (aesetmabatur
933 3922 1079 3974 erraveram
1092 3939 1128 3974 rra
1141 3923 1266 3992 laneam.)

258 4036 411 4098 Magistro
429 4037 558 4088 Urbano
575 4037 660 4098 patri
677 4037 946 4097 praestantissimo
964 4037 1008 4084 Μ.
1025 4034 1137 4098 Βιιξιιε.

236 4146 269 4210 S.
316 4146 436 4211 Scribis
459 4152 491 4211 te
515 4169 615 4211 meam
640 4146 889 4212 contumaciam⁷
906 4147 1032 4227 aegrius
1048 4151 1154 4209 tamen
1173 4147 1265 4210 ferre.

153 4284 314 4337 escbricbcn.
388 4282 719 4336 ¹Fao01scmmnonraie.
755 4283 817 4335 Vor.
836 4282 879 4334 Br.
951 4282 1044 4334 ²Zum
1063 4282 1095 4336 N.
1114 4281 1181 4334 Tcst.
1201 4282 1265 4336 Vor.

134 4301 178 4405 ἓν,
233 4351 395 4405 ³Benedilrt.
432 4351 457 4403 S.
475 4353 492 4402 4
512 4355 542 4403 Α.
562 4354 583 4405 l.
611 4353 636 4405 S.
656 4352 706 4402 ‘299
724 4353 755 4403 A.
777 4353 798 4404 l.
853 4351 905 4403 ⁴8.
924 4352 975 4401 444
993 4355 1023 4402 Α.
1041 4353 1065 4413 7.
1120 4349 1266 4402 *Miltiade

133 4420 238 4474 Dicnor.
275 4422 300 4475 S.
320 4422 368 4472 407
388 4422 454 4471 A.‘2
522 4420 782 4472 llt'alnsclrcinlich
801 4420 847 4471 dos
865 4419 1030 4472 Psnltoriuni.
1068 4419 1125 4485 Vgl.
1144 4434 1199 4469 ror.
1220 4419 1264 4472 Br.

132 4504 159 4541 u.
180 4487 222 4539 Br.
241 4490 305 4543 393:
333 4489 411 4553 »Quid
442 4490 550 4554 dicens,
578 4489 600 4540 si
626 4505 673 4555 ego
699 4488 857 4540 Psaltcriunr
886 4489 966 4553 gratis
984 4504 1000 4539 a
1016 4496 1042 4538 tc
1070 4486 1267 4552 accepisscm‘r«

131 4555 224 4606 Iluban
247 4559 333 4610 nolito
356 4558 428 4609 scine
446 4558 550 4609 liiilrerc
569 4557 648 4609 Httrtc
668 4556 720 4623 (ΒΓ.
741 4559 801 4623 367)
821 4557 903 4608 durch
931 4557 972 4607 cin
1001 4555 1137 4607 {lesclrcnl'
1166 4555 1268 4606 wieder

223 4627 319 4679 achon.
392 4627 401 4658 ²
420 4626 479 4679 Vor.
499 4626 555 4679 Ba:
575 4648 593 4676 ».
607 4665 633 4678 ..
652 4641 714 4677 cunr
733 4626 831 4691 pudore
850 4628 1012 4676 contumaxs
