2774 4966
389 33 1321 316 u

588 88 591 105 Ι
640 86 653 115 Q*

142 637 205 704 256
561 637 650 692 Briele
667 637 715 691 des
730 628 755 694 J.
776 639 850 694 1512.

140 911 257 980 (notha.)
668 894 740 957 201.
977 912 1036 981 (vor
1052 911 1077 967 s.
1096 912 1165 967 mv.
1186 915 1279 984 1512.)

513 1018 657 1087 Mutian
680 1041 728 1088 an
751 1020 889 1089 Urbau.

140 1149 233 1216 (Klapr
250 1148 313 1199 uon
331 1147 372 1198 dre
396 1145 517 1214 [inpransi
535 1147 578 1197 (lea
601 1147 765 1199 deserni-es.-
785 1147 930 1201 Brrmnosls
951 1148 1007 1211 lbd,
1026 1148 1182 1201 Musnrdus’
1202 1148 1277 1202 Aua·

140 1217 243 1285 jliirlrtc,
268 1216 374 1267 [Vror-ia
391 1214 606 1281 Nor-liltr'ssiplrr't
625 1215 663 1266 ain
683 1215 807 1282 Antunfe
823 1217 867 1268 des
890 1217 986 1270 tl'rero.
1023 1217 1223 1269 Herbordlrdtte
1234 1217 1279 1270 oea·

139 1287 293 1351 Ansetzuaq
310 1283 394 1335 scivias
414 1283 574 1349 Elrrmrtopes
591 1283 647 1348 ures
658 1284 708 1335 den
726 1283 867 1336 dieu-moad
884 1285 1026 1338 erctsr'clrl
1049 1285 1161 1337 molimen
1182 1285 1274 1338 aalma

141 1353 319 1419 Emrvnlrnauq
335 1369 387 1403 rur
404 1350 593 1402 Nr'iclelrrnlreit
612 1368 657 1403 om
676 1351 804 1419 Bersprele
820 1353 864 1404 des
885 1354 1047 1406 Oclonmmm
1064 1353 1204 1406 tricarim
1223 1371 1276 1406 non

575 1419 834 1487 Iteirrlrordsdnom.)

191 1535 283 1585 Claro
307 1534 463 1592 sapientia
480 1537 512 1582 et
530 1535 717 1591 optimarum
741 1536 856 1585 artium
881 1534 993 1584 studiis
1015 1535 1054 1585 Η.
1080 1534 1220 1592 Urbano.

327 1619 426 1667 amieo
443 1617 506 1667 fido
524 1621 556 1668 et
574 1630 724 1677 perquam
741 1619 894 1669 benevolo
912 1621 954 1671 M.
973 1619 1085 1670 Rufus.

243 1727 276 1790 S.
322 1726 356 1790 Si
380 1728 567 1808 cogitationi
593 1730 738 1810 votisque
760 1729 889 1793 fortuna
914 1729 1136 1801 subscriberet,
1154 1726 1273 1793 Crotus

139 1815 201 1877 lruc
230 1815 344 1877 nodum
378 1812 563 1895 Spoletinus
587 1814 786 1895 demigraret.
832 1816 906 1878 Heri
930 1837 948 1878 a
971 1816 1046 1877 salis
1070 1815 1150 1877 sacri
1168 1815 1272 1877 linctu

139 1901 238 1964 stanti
263 1900 294 1961 in
318 1897 477 1961 orchestra
503 1900 578 1961 milri
599 1900 737 1963 reddidit
753 1900 919 1982 epistolam
936 1907 1024 1963 tuam
1043 1899 1124 1976 §tut
1140 1899 1243 1975 Sciron.
1258 1910 1273 1940 ⁸

138 1985 269 2048 Arnoldi
293 1984 435 2046 assecla.¹
483 1983 603 2047 Scribis
626 2007 746 2049 errasse
765 1987 918 2049 rusticum
935 1990 1118 2067 emptorem.
1157 1983 1272 2050 Testes

137 2071 274 2134 advocas
296 2069 512 2133 Herebordum
536 2075 569 2132 et
595 2069 765 2152 Petrejum.
812 2071 932 2134 Deinde
963 2071 1065 2151 rejicis
1099 2070 1270 2151 epistolam

137 2152 292 2219 Musardi¹
322 2161 476 2235 tanquam
511 2155 689 2218 obscurem.
736 2155 803 2237 Ego
827 2156 933 2218 mirari
969 2156 1084 2236 incipio
1122 2155 1270 2219 rellatum

136 2242 291 2304 fortunae.
334 2239 467 2303 Moritur
490 2239 711 2317 Biermostus,³
734 2246 822 2305 tutor
844 2241 957 2305 salutis
981 2246 1117 2304 nostrae.
1154 2239 1271 2304 irridet

137 2348 186 2389 me
210 2325 377 2389 Musardus
400 2324 540 2404 obliquis
564 2325 694 2388 cavillis.
741 2326 775 2389 Si
799 2327 883 2389 enim
907 2327 1027 2389 sincere
1056 2325 1195 2401 doceret,
1222 2326 1270 2390 in-

137 2412 257 2474 dicaret
290 2432 403 2472 nomen
441 2411 534 2472 istius
568 2411 773 2488 insidiatoris,
796 2417 842 2483 ut,
872 2412 945 2474 dum
980 2411 1113 2473 insidias
1146 2411 1269 2475 inimici

136 2501 275 2567 struunt,
309 2495 508 2558 declinarem.
555 2495 664 2559 Cicero
699 2497 918 2560 circumfertur
948 2503 980 2559 et
1001 2504 1033 2559 te
1064 2502 1269 2577 procuratore

138 2602 200 2644 non
226 2579 496 2662 deprehenditur*
541 2579 588 2642 Ex
613 2604 676 2662 quo
700 2584 794 2645 datur
824 2582 959 2661 intelligi
990 2583 1109 2644 instare
1138 2585 1268 2664 tempus

136 2674 323 2730 extremum.
371 2665 560 2728 Convertam
593 2667 691 2747 igitur·
719 2689 766 2730 me
795 2672 897 2730 totum
923 2669 961 2730 ad
986 2665 1104 2728 Christi
1138 2667 1268 2730 decreta

134 2759 168 2816 et
190 2752 324 2832 abjectis
347 2751 496 2813 omnibus
523 2753 606 2813 curis
630 2752 660 2814 iu
678 2753 883 2833 simplicitate
906 2752 1089 2833 evangelica
1113 2753 1267 2832 conquie-

133 2859 229 2901 scam.
275 2837 410 2900 Proinde
433 2836 581 2915 religiosa
605 2843 709 2899 mente
733 2860 850 2920 precor,
875 2839 906 2901 id
932 2837 1015 2920 quod
1040 2837 1189 2899 hesterna
1214 2838 1266 2900 die

136 2928 248 2987 sancta
282 2927 382 2984 mater
415 2921 547 2984 ecclesia
578 2924 732 2986 cantavit:
771 2925 999 3005 „Omnipotens
1027 2928 1059 2984 et
1086 2923 1267 2986 misericors

135 3009 223 3084 deus,
247 3009 394 3069 universa
410 3007 501 3069 nobis
518 3007 719 3071 adversantia
735 3011 928 3091 propitiatus
945 3007 1086 3085 exclude,
1103 3013 1141 3070 ut
1157 3014 1266 3072 mente

136 3100 167 3157 et
191 3114 319 3174 corpore
351 3095 468 3174 pariter
491 3092 642 3174 expediti,
666 3116 747 3175 quae
769 3100 826 3157 tua
849 3099 935 3169 sunt,
963 3092 1071 3156 liberis
1102 3093 1266 3157 mentibus
1319 3175 1320 3179 Ἰ

137 3177 377 3259 exsequamrrr.“
426 3177 627 3240 Herebordus
651 3180 681 3241 in
704 3180 883 3261 cooptando
901 3180 950 3242 die
967 3176 1183 3242 coronationis
1200 3199 1263 3242 nou

135 3265 280 3346 suspexit
302 3285 351 3326 res
376 3263 510 3325 divinas.
555 3263 677 3327 Incidet
700 3264 732 3327 in
757 3265 965 3341 neomeniam,
996 3265 1027 3326 in
1056 3263 1264 3345 Scorpionem

134 3356 166 3415 et
182 3351 365 3413 Saturnum.
410 3349 499 3410 Luna
516 3349 613 3411 silens
632 3356 723 3412 nocet
740 3351 925 3432 corporibus
942 3356 974 3413 et
990 3350 1127 3430 ingenio.
1168 3350 1270 3431 Vidit,-

133 3436 209 3520 quid
243 3439 327 3498 esset
360 3435 391 3496 in
426 3434 505 3497 cella
539 3435 670 3510 vinaria,
701 3437 778 3517 quid
813 3437 845 3499 in
878 3435 1035 3517 granario,
1067 3439 1099 3499 et
1122 3435 1264 3501 hnmana

131 3523 264 3604 negotia
280 3520 448 3596 ordinavit,
465 3541 527 3582 nou
545 3526 650 3583 tamen
675 3542 805 3603 superos
830 3521 988 3602 negligere
1011 3521 1130 3585 debuit.
1174 3521 1263 3604 Rogo

132 3613 169 3672 ut
192 3612 298 3671 castae
321 3606 387 3668 sint
410 3627 513 3668 cenae.
560 3605 719 3680 Quaedam
745 3608 893 3669 meretrix
918 3608 1051 3669 intravit
1072 3608 1261 3671 coenobium

132 3692 385 3757 Reiuhardiboru
404 3695 436 3752 et
452 3692 614 3753 accusavit
629 3712 835 3755 oeconomum
856 3690 1072 3754 Fridericum.‘
1107 3691 1262 3756 Terribile

130 3777 320 3860 exemplum.
367 3777 467 3838 Amici
493 3797 562 3838 cum
588 3775 716 3838 Urbano
740 3777 958 3840 bahomius
982 3777 1090 3839 divino
1106 3784 1139 3841 et
1154 3800 1260 3843 sacro·

131 3871 243 3930 sancto
267 3865 391 3926 cenent.
438 3863 571 3925 Domum
597 3868 684 3924 tuam
709 3862 799 3925 docet
822 3863 1005 3925 sanctitudo
1028 3867 1094 3940 tua,
1123 3865 1258 3928 domine.

127 3951 200 4014 Vale
223 3949 308 4012 felix.

280 4065 340 4118 [bd.
360 4063 424 4118 Frcf.
444 4063 501 4118 253.

194 4287 330 4354 snarling,
349 4287 411 4337 (loch
431 4286 466 4336 is!
484 4287 530 4337 der
547 4291 613 4336 ursle
631 4285 777 4337 Brrclislulrc
794 4287 1000 4341 ‹lurrlmtrr‘rleern

199 4358 205 4388 ¹
226 4357 329 4407 llnoclrt
353 4357 399 4406 des
418 4355 593 4407 l'intlraisclum
615 4355 705 4406 Scriba
725 4356 828 4407 rlruold.
852 4356 910 4421 l'gl.
929 4357 953 4408 S.
973 4357 1025 4409 ‘238
1043 4358 1108 4410 M.
1147 4350 1254 4409 ’Wolrl

126 4425 172 4477 der·
190 4425 225 4476 im
248 4426 303 4476 Aul.
324 4426 370 4476 dos
392 4441 443 4475 ror¹
465 4423 504 4475 ln:
530 4424 670 4479 orm'ilmto,
695 4425 759 4474 iiber
784 4424 899 4476 melchon
928 4425 1028 4479 llulian
1056 4426 1137 4477 sciron
1166 4426 1256 4477 lriilrcr

187 4493 272 4545 Urtcll
294 4494 396 4545 l'r‘lmus
414 4498 558 4544 crvvavlctc.
621 4495 672 4543 ³S.
693 4493 742 4543 2:3⁴
763 4497 790 4545 Α,
811 4497 834 4546 4,
901 4497 951 4546 ⁴S.
972 4496 1022 4548 ¹240
1041 4498 1071 4546 A.
1090 4499 1114 4547 o.
1136 4494 1193 4560 vgl.
1213 4494 1256 4545 dio

209 4561 527 4614 1·lroltcntliltcuiullr.
551 4564 605 4614 loa.
628 4561 682 4612 llll.
747 4563 799 4613 '’S.
819 4563 852 4612 33
872 4565 903 4613 Α,
922 4565 946 4614 3.
1019 4586 1022 4593 =
