2776 5084
144 683 208 751 304
561 683 648 740 Briefe
665 686 711 741 des
729 685 755 740 J.
774 688 848 745 1513.

144 860 336 946 professores
352 860 398 924 illi
414 859 609 923 venerabiies
625 862 747 924 vestros
771 859 948 925 bacularios
962 859 1137 928 honorifica
1152 884 1268 949 pompa

145 949 359 1032 dignarentur.
404 945 451 1009 Tu
475 967 547 1010 vero
571 947 673 1010 minas
696 950 728 1009 et
746 945 861 1029 jurgia,
890 969 954 1011 non
983 949 1089 1014 civilia
1116 951 1214 1016 verba
1235 956 1267 1016 et

145 1034 305 1098 modestas
328 1032 512 1109 blandit-ias
535 1037 571 1095 ut
593 1032 660 1096 fieri
681 1032 771 1109 solet,
794 1035 995 1115 proposuisti.
1042 1033 1077 1100 Si
1100 1035 1179 1101 haec
1206 1037 1266 1102 tibi

145 1121 224 1185 falso
262 1119 429 1202 objicimus
468 1119 587 1200 (potest
623 1119 706 1181 enim
742 1118 820 1196 fieri,
855 1125 891 1183 nt
923 1120 1086 1185 hominum
1121 1123 1266 1206 quamvis

144 1208 348 1291 plurimorum
372 1226 473 1268 sermo
496 1203 691 1286 mentiatur),
718 1210 752 1268 at
775 1211 857 1270 certe
880 1211 911 1270 te
934 1208 1036 1288 ipsum
1063 1208 1212 1273 admirari
1235 1213 1266 1273 et

144 1301 209 1358 tam
234 1292 433 1376 impudenter
456 1291 584 1354 laudare
606 1291 689 1372 apud
708 1296 906 1373 praestantes
922 1293 1005 1356 viros
1022 1315 1084 1358 non
1101 1295 1264 1360 debueras.

146 1381 264 1445 Rident
286 1379 340 1461 qni
364 1378 508 1453 audiunt,
531 1381 564 1440 et
586 1377 728 1459 ineptum
752 1377 988 1460 gloriosumque
1011 1379 1170 1445 doctorem
1203 1403 1265 1446 non

144 1469 279 1551 possunt
312 1486 373 1526 non
405 1464 495 1545 sequi
529 1463 669 1547 posticae
702 1486 830 1527 sannae.
875 1464 987 1541 Quare,
1011 1467 1053 1530 mi
1076 1467 1265 1544 Hereborde,

146 1554 173 1617 si
196 1551 417 1617 anctoritatem
441 1549 523 1613 tueri
546 1554 578 1613 et
600 1550 734 1631 gratiam
759 1571 882 1613 servare
912 1551 1058 1631 volucria,
1081 1552 1120 1616 de
1142 1558 1174 1617 te
1196 1556 1265 1637 ipso

149 1641 182 1703 in
206 1638 278 1703 aula
301 1636 490 1717 Mognntina
513 1640 657 1700 neutram
682 1637 714 1699 in
732 1640 852 1718 partem
875 1636 1023 1717 loquaris.
1071 1639 1219 1704 Urbanus
1234 1645 1265 1704 et

146 1746 215 1807 ego,
245 1744 326 1805 qliae
356 1722 469 1786 honori
491 1726 546 1786 tuo
569 1723 666 1786 noxia
688 1727 764 1786 sunt
786 1723 983 1804 exitiosaque
1011 1723 1076 1788 fore
1106 1731 1265 1809 putamus

142 1812 204 1875 tibi
236 1814 389 1890 tanquam
425 1809 538 1872 viatori
570 1808 694 1872 foveam
729 1809 934 1872 ostendimus.
982 1809 1016 1872 Id
1051 1812 1154 1893 ipsum
1190 1812 1265 1876 boni

145 1896 274 1961 consule
301 1901 333 1958 et
360 1915 418 1976 age
446 1895 625 1977 prudenter,
660 1895 843 1976 praesertim
877 1894 937 1959 hac
970 1901 1168 1979 tempestate,
1202 1920 1266 1982 qna

141 1982 319 2067 respublica
352 1979 632 2062 Erphurdiensium
668 1981 701 2044 in
734 2002 857 2044 summo
891 1982 1071 2046 discrimine
1104 1985 1262 2048 fluctuat-.'

143 2070 218 2135 Vale
241 2074 273 2133 et
296 2090 354 2143 me,
379 2067 463 2149 quod
486 2066 572 2144 facis,
596 2088 676 2130 ama.
721 2066 774 2131 XI.
798 2066 863 2131 Cat.
886 2067 1008 2132 ,Iunias

294 2169 354 2222 Cod.
373 2167 439 2220 Frcf.
457 2167 515 2220 283.

142 2359 256 2431 (oona.)
662 2340 733 2406 247.
1095 2360 1157 2430 (nn
1180 2361 1264 2432 1513.)

517 2469 661 2540 Mutian
683 2489 732 2539 an
755 2468 892 2539 Urban.

141 2590 225 2669 (tiber
253 2598 382 2652 Harbords
411 2599 491 2651 Sarra
518 2599 570 2650 11111
594 2599 644 2651 den
667 2599 839 2667 Plrilosoplren
858 2600 915 2652 nard
931 2601 979 2653 (11111
999 2600 1151 2653 Ebcrboclrs.
1188 2602 1265 2654 ruane

141 2668 363 2724 arrretnrussla'clren
380 2667 512 2719 Eirrredcn
529 2685 607 2735 papan
624 2667 747 2721 Mrur'ans
758 2669 993 2736 laureaturcrsuup.
1031 2670 1101 2722 Stoa
1118 2671 1175 2722 cord
1192 2670 1263 2723 Hub-

202 2739 278 2791 arca-ht
295 2737 340 2789 ein
357 2736 529 2804 Idrsordcrm'a
545 2738 589 2788 des
606 2736 726 2790 aarum
743 2737 811 2790 noct
829 2739 1005 2806 lorrdlir'ufiycr
1028 2738 1208 2805 Vorsuzlunp.)

230 2854 381 2904 Prtmario
399 2853 466 2902 viro
483 2852 591 2903 Errioo
608 2852 745 2911 Urbano,
763 2852 952 2904 urbanorum
969 2853 1175 2912 festivissimo,

615 2939 659 2988 M.
676 2937 786 2989 Rufum.

246 3053 278 3117 S.
326 3051 460 3116 Causam
484 3051 608 3116 dissidii
638 3050 721 3116 inter
749 3051 964 3115 Herebordum
988 3056 1020 3115 et
1042 3052 1263 3134 Aperbacchos

141 3144 215 3204 ante
248 3139 325 3203 mihi
358 3139 551 3218 incognitam
586 3143 694 3221 aperte
726 3138 849 3218 acribia,
880 3143 917 3202 ut
945 3140 1052 3202 sciam.
1103 3137 1261 3202 Dicerem:

144 3225 287 3308 ,Jupiter
318 3229 350 3287 te
383 3225 463 3288 rnale
496 3221 657 3306 perdat“,²
691 3225 752 3287 nisi
785 3225 957 3288 benevolus
980 3246 1079 3288 essem
1102 3229 1135 3286 et
1158 3225 1262 3288 fautor

138 3313 265 3395 juvenis
289 3311 419 3375 nimium
451 3311 616 3373 temerarii.
662 3309 773 3374 Servet
796 3332 866 3374 eum
888 3310 995 3392 potius
1019 3311 1102 3375 bona
1124 3311 1260 3374 fortuna.

144 3399 219 3475 Vah,
243 3399 331 3462 solus
354 3397 406 3460 hio
427 3396 623 3459 umbraticus
640 3396 750 3461 doctor
766 3394 891 3459 affines³
907 3418 1084 3478 emungere,
1102 3397 1260 3460 cohortem

143 3483 435 3567 philosophantium
461 3482 599 3558 vexa1·e‚⁴
621 3505 704 3546 nnus
727 3504 836 3546 omnes
853 3481 993 3547 fastidire
1009 3483 1120 3566 pergit.
1160 3482 1262 3547 Casti-

142 3572 226 3651 gabo
255 3572 414 3635 levitatem
447 3575 487 3646 et,
515 3571 542 3632 si
569 3573 674 3633 monte
697 3591 775 3632 sana
797 3574 854 3648 est,
883 3570 1024 3650 quietum
1049 3576 1081 3632 et
1104 3569 1259 3650 placidum

142 3657 267 3720 reddam
302 3678 402 3738 neque
432 3656 535 3737 patiar
568 3656 769 3738 plurimorum
803 3656 922 3718 diutins
955 3656 1075 3719 invidia
1109 3655 1259 3718 laborare.

143 3743 316 3826 Epistulam
339 3746 444 3806 antem
467 3742 526 3804 tibi
543 3741 683 3823 patulam
707 3742 848 3818 ostendo,
866 3747 910 3819 nt,
927 3741 953 3804 si
970 3742 1137 3806 videbitur.
1155 3741 1262 3804 trrulas

144 3830 272 3894 homini.
318 3829 479 3891 lticturnm
503 3837 648 3891 autumo:
686 3828 788 3909 „Nihil
819 3828 896 3908 agis,
930 3827 1088 3905 Martinam
1122 3850 1185 3889 non
1219 3828 1261 3888 sis

142 3916 219 3980 mibi
253 3921 398 3998 patruus3
430 3917 480 3976 sat
505 3913 584 3994 juris
606 3936 674 3976 sum
699 3914 862 3977 consultus
885 3918 917 3975 et
939 3915 1044 3977 omnia
1071 3915 1146 3975 sciO.
1192 3912 1261 3976 Mea

143 4002 236 4066 stabo
260 4001 425 4065 sententia.
470 3999 593 4063 Habere
616 3999 716 4063 multa
734 4000 820 4075 volo;
837 4022 899 4063 non
917 4022 1000 4076 curn,
1016 4001 1100 4063 unde
1117 3999 1260 4062 babeam.

143 4088 261 4150 Affines
292 4084 471 4169 compilabo
499 4086 599 4166 deque
629 4087 722 4148 uictis
752 4085 1013 4168 philosoplrastris
1047 4085 1259 4166 triumphabo.

143 4174 271 4238 Parcam
314 4171 492 4235 mortalium
532 4171 677 4234 nernini.“
739 4172 823 4235 Haec
860 4179 956 4255 atque
994 4173 1069 4234 talia
1108 4173 1192 4234 intra
1228 4193 1262 4232 se

143 4260 299 4341 gloriosus
333 4258 590 4331 comminiscitur,
614 4257 644 4318 id
668 4257 752 4337 qnod
787 4258 856 4336 tibi,
888 4258 1013 4321 Urbano
1046 4258 1260 4333 solor-tissime,

211 4447 324 4499 'Edunt
348 4446 480 4497 sclrn'cbto
499 4444 525 4496 in
542 4444 639 4496 (tosnlrr
664 4461 710 4496 ror·
727 4446 773 4497 dor·
791 4445 892 4498 kaiaerl.
919 4445 987 4497 ,111111
1010 4445 1061 4496 und
1084 4444 1141 4495 doni
1168 4445 1261 4509 Kriepe

142 4518 189 4570 rnit
217 4516 339 4568 aar-rnen.
410 4514 484 4566 'nit
509 4512 668 4581 Anspiolnng
690 4516 736 4566 anf
759 4515 889 4566 Horbords
913 4515 1003 4566 Wnrte
1026 4529 1086 4564 zum
1111 4512 1260 4564 1111111111111

143 4604 197 4639 ror.
216 4585 258 4639 Br.
329 4587 340 4615 ³
358 4583 405 4636 nie
423 4583 579 4636 Eborbucha
598 4582 655 4647 agl.
675 4584 700 4636 S.
720 4584 769 4635 265
787 4588 817 4636 11.
836 4584 859 4636 2.
886 4583 988 4636 Nr'ibnrn
1007 4581 1178 4634 Arrt'schliisae
1196 4581 1262 4634 iiber

139 4656 183 4708 dio
203 4653 320 4707 aaaron»
339 4655 385 4706 dos
397 4653 505 4706 'herines
524 4651 605 4720 galren
616 4652 658 4704 dio
672 4651 757 4704 Brinta
775 4653 854 4704 nictit.
908 4652 978 4704 ⁴Bni
994 4651 1162 4717 (relegerunt
1176 4651 1262 4702 asinar

125 4723 338 4778 Gasandtscbait
355 4740 389 4777 nn
409 4723 453 4778 die
465 4722 559 4794 philos.
572 4720 701 4777 Forulnn.
720 4720 850 4786 tonitr,
865 4722 909 4774 dor
927 4721 997 4772 uincti
1013 4720 1050 4770 'nn
1066 4718 1125 4786 tola,¹
1139 4720 1259 4786 gerneint.
