2774 4966
487 22 530 33 -.,..

37 21 991 304 u

557 639 663 693 ltlrrtinn
681 655 715 694 sn
734 638 835 694 Urbau.
1191 639 1256 705 445

124 808 289 873 ostentet?
311 832 352 874 an
376 809 521 875 vafrities
543 833 584 874 an
608 811 775 893 argutias?
820 809 948 886 Quaerit
979 809 1112 883 lucrum,
1136 810 1261 892 quaerit

122 894 267 976 gloriam.
314 895 384 959 Non
417 896 516 959 decet.
562 897 744 960 Postuletnr
781 900 848 958 tum
881 895 1034 958 avaritiae
1067 898 1137 957 tum
1170 916 1257 959 arro·

124 981 264 1060 gantiae.
316 979 468 1062 Legimus
500 982 700 1045 Aristotelem
729 987 762 1044 et
790 980 968 1056 Platonem,
991 984 1024 1042 et
1046 979 1106 1043 hoc
1128 979 1258 1044 sufficit.

128 1064 173 1127 ad
199 1064 363 1130 Christum
397 1068 541 1129 conversi
572 1065 732 1130 Christum
766 1067 984 1146 imaginemur.
1030 1064 1261 1147 Relinquamus

125 1150 336 1213 entelechiam
364 1152 554 1231 Aristotelia,
571 1153 659 1215 ideas
674 1151 826 1215 Platonis.
873 1150 957 1213 Deus
973 1172 1012 1213 ex
1028 1150 1128 1214 nihilo
1145 1154 1261 1215 cuncta

125 1237 268 1301 creavit:
301 1235 386 1298 dixit
415 1241 447 1300 et
470 1237 555 1299 facta
583 1244 667 1300 sunt.
713 1235 748 1300 Si
776 1256 851 1318 ergo
881 1236 1103 1316 compendium
1139 1236 1261 1318 logicae

125 1319 202 1394 edit,
238 1320 330 1383 affert
364 1321 500 1402 lapidem
532 1322 573 1384 ad
604 1322 739 1396 celtem,¹
775 1322 860 1403 quod
890 1326 940 1384 est
969 1320 1147 1384 ridiculum.
1203 1320 1260 1384 Sin

126 1410 235 1468 autern
259 1405 411 1486 physicae
433 1410 607 1470 tractatum
632 1405 776 1482 emittit?
800 1410 892 1488 parat
913 1427 979 1469 rem
1004 1407 1168 1481 insulsam,
1185 1408 1261 1487 quia

127 1490 286 1553 credimus
323 1491 383 1554 deo
416 1493 510 1571 patri,
544 1493 595 1554 cui
632 1492 789 1556 modestia
826 1494 858 1553 et
895 1492 1028 1554 caritate
1066 1491 1260 1572 copulamur.

128 1574 168 1638 Et
195 1576 314 1638 scimus
350 1580 496 1639 naturam
532 1576 610 1639 nibil
642 1599 710 1640 esse
742 1577 813 1653 nisi,
845 1581 881 1639 ut
902 1577 1010 1657 inquit
1043 1576 1260 1658 Empedocles,

129 1660 319 1723 mixtionem
336 1660 576 1725 clementorum.
622 1662 740 1725 Eodem
757 1667 867 1725 tenore
884 1661 1091 1743 Anaxagoras
1114 1665 1261 1725 naturam

127 1745 210 1808 dixit
242 1747 479 1810 concretionem
511 1748 796 1827 discretionemque
828 1767 907 1821 esse,
940 1745 1000 1809 hoc
1031 1751 1080 1810 est
1102 1751 1207 1810 ortum
1230 1751 1264 1810 et

127 1850 286 1908 occasum,
310 1838 346 1894 nt.
370 1836 454 1894 recte
472 1831 591 1895 dixisse
616 1832 761 1895 videatur
783 1835 878 1912 poete
901 1830 1034 1894 nobilis:
1068 1831 1262 1912 „Nascentes

127 1915 280 1979 morimur
302 1915 440 1996 finisque
463 1915 505 1979 ab
527 1917 650 1999 origine
673 1913 837 1999 pendet.“⁸
884 1915 993 1980 Valeat
1016 1937 1090 1998 ergo
1113 1937 1263 1999 compen-

129 1999 216 2064 dium
240 2001 287 2064 vel
313 2003 420 2083 potius
450 2001 651 2084 dispendium
681 2001 879 2076 'Prot-tettan,
910 2001 958 2063 vel
981 2001 1009 2064 si
1031 2002 1161 2065 omnino
1193 2023 1262 2066 car·

127 2087 213 2148 mine
250 2085 460 2163 delectantur,
507 2087 590 2150 dabo
628 2086 837 2168 Triumphum
875 2086 1049 2166 Capnionis
1086 2086 1127 2150 ab
1166 2086 1261 2150 Accio

127 2169 250 2234 Neobio
294 2173 523 2235 concinnatum
563 2173 595 2235 in
634 2171 840 2236 Colonienses
885 2170 1120 2252 theologistas,¹
1165 2193 1259 2254 quern

128 2254 291 2337 sophistae
325 2263 492 2339 apponant
525 2259 612 2340 operi
646 2278 704 2321 suo
739 2263 804 2320 tam
840 2255 1008 2338 pulchello.
1054 2256 1168 2320 Verum
1203 2257 1262 2321 bac

128 2340 197 2420 lege
219 2341 269 2418 do,
293 2346 331 2404 nt
353 2344 384 2404 in
411 2363 507 2405 manu
538 2343 697 2424 mancipio
725 2343 767 2404 sit
796 2346 861 2405 tuo.
907 2339 986 2405 Nam
1018 2342 1046 2405 si
1076 2340 1261 2407 theobardis

128 2424 304 2503 exhiberes,
340 2427 448 2490 damni
482 2429 616 2490 multum
654 2427 783 2502 iaceres,
815 2432 847 2490 et
869 2430 905 2488 tu
928 2449 961 2490 es
984 2427 1124 2508 optimus
1158 2428 1260 2504 testis,

62 2573 64 2576 .
129 2531 224 2591 quam
248 2511 367 2593 iniquis
390 2511 522 2575 auribus
544 2514 732 2595 acciperent.
780 2511 864 2575 Haec
895 2512 1008 2593 scripsi
1035 2512 1115 2575 hene
1145 2511 1261 2575 ebrius.

130 2593 185 2659 Sic
218 2595 305 2659 soleo
337 2618 447 2661 curare
480 2597 705 2661 valetudinem.
752 2596 819 2674 Dic,
854 2601 1010 2678 quantum
1046 2596 1170 2661 dederis
1205 2618 1261 2678 pro

129 2679 294 2744 Psalterio.
350 2682 429 2745 ltem
468 2683 560 2746 mitte
595 2680 851 2746 Damascenum.⁸
909 2680 998 2745 Dabo
1033 2702 1089 2763 pro
1125 2685 1262 2763 utroque

128 2766 275 2848 pretium.
322 2766 399 2829 ltem
423 2766 530 2830 Vallue
554 2768 678 2831 Novum
702 2763 968 2830 Testamentum.⁶
1013 2767 1059 2830 De
1081 2768 1164 2831 vitta
1192 2788 1263 2848 pre-

129 2851 305 2914 tiosissima
326 2856 416 2915 tuum
441 2852 620 2916 limatulum
644 2858 676 2916 et
698 2853 833 2935 politum
853 2851 1007 2932 judicium
1033 2851 1149 2915 habere
1179 2853 1260 2916 volo.

130 2935 199 2999 Nisi
229 2937 272 3000 sit
301 2937 359 2999 llll
382 2942 439 3000 aut
466 2939 608 3021 quinque
635 2959 812 3016 aureorum,
842 2958 905 3000 non
941 2936 1087 3018 placebit.
1134 2937 1208 3001 Vale
1231 2943 1264 3001 et

88 3028 90 3031 '
130 3020 209 3085 haec
232 3021 309 3086 boni
335 3022 474 3086 consule.

285 3121 347 3174 Cod.
365 3120 432 3176 Frcl.
452 3121 510 3174 303.

131 3306 247 3376 (Gotho.)
662 3292 734 3356 374.
850 3308 908 3376 (zw.
928 3309 969 3362 21.
988 3326 1013 3362 u.
1033 3310 1074 3364 30.
1093 3309 1156 3363 Juni
1176 3309 1263 3379 1514.)

499 3418 644 3488 ltlutian
666 3439 716 3488 an
738 3418 893 3489 Urban.²

132 3543 223 3609 (Daret
248 3545 296 3612 fiir
322 3544 421 3599 Fabcra
447 3546 558 3599 Psoltcr.
594 3546 671 3609 aaa,
695 3546 740 3599 ein
762 3547 869 3600 schdws
889 3547 1020 3601 Gesclrcnk
1034 3547 1084 3614 sr'c'r
1100 3548 1150 3600 don
1160 3549 1263 3616 jungere

532 3615 653 3682 iteraret!
669 3632 706 3667 arc
723 3615 862 3684 decarpen.)

199 3729 314 3789 Magno
333 3730 432 3779 amico
451 3733 483 3779 et
500 3729 618 3779 homini
635 3729 819 3789 perllterato
838 3731 871 3779 st
888 3729 957 3778 viro
975 3728 1200 3790 circumspecto

296 3813 391 3874 adque
408 3814 478 3864 ideo
497 3814 676 3865 venerando
693 3814 735 3865 Η.
753 3814 882 3865 Urbano
901 3811 955 3880 (Μ.
973 3812 1096 3881 Roma).

236 3922 340 3990 Salus
386 3926 496 4009 Neque
531 3948 658 4010 operam
694 3947 796 4008 neque
831 3924 934 3990 oleum
970 3923 1146 4007 perdidisti,
1177 3926 1263 4009 quod

203 4097 210 4127 ¹
229 4093 268 4147 Zu
285 4094 372 4147 oinenr
390 4093 482 4146 Piclrcl
501 4093 725 4214 fftoinhammer),
745 4093 868 4146 wahrend
886 4109 915 4146 es
932 4093 1090 4162 umgelrehrt
1107 4094 1163 4147 sein
1179 4109 1261 4147 muse.

167 4163 306 4217 ’Summa
329 4163 355 4214 in
378 4165 459 4215 totam
486 4163 622 4241 pysioen.
658 4163 710 4215 mr.
732 4165 807 4215 1514.
842 4162 893 4215 Mit
914 4163 1001 4215 oinem
1026 4162 1261 4231 Emplehlungege-

131 4231 221 4285 dichto
248 4231 359 4285 &bans
436 4229 552 4285 ‘Manrl
580 4233 649 4285 Astr.
677 4231 724 4297 lV,
753 4231 792 4285 16.
869 4221 970 4284 ⁴Uber
996 4230 1068 4284 diosc
1094 4229 1263 4299 Spottsehn'lt

130 4316 221 4424 aa
237 4301 280 4420 r
640 4299 696 4421 arr·
714 4299 941 4421 ‘’stutrrr
957 4300 988 4421 c

154 4385 202 4423 osc
257 4383 535 4422 uroneasser.
595 4384 614 4420 r.
695 4384 764 4422 ,ι
854 4384 1037 4422 orn..
1110 4384 1261 4422 oer.

132 4438 199 4491 1519
225 4439 303 4490 anter
331 4437 391 4489 dern
418 4435 522 4489 Nomen
549 4436 621 4489 sines
646 4435 815 4490 Eleutherion
841 4435 965 4503 Byzenus
991 4438 1045 4490 uod
1071 4436 1127 4505 galt
1149 4437 1196 4489 liir
1218 4435 1261 4489 eiu

131 4506 214 4559 Werk
231 4504 352 4559 Huttons.
389 4503 465 4558 Noch
489 4505 606 4558 eruthnt
630 4504 673 4560 Br.
697 4504 756 4559 379.
774 4503 832 4559 39⁶2.
850 4505 909 4559 407.
979 4504 1113 4559 *Fabam
1140 4503 1183 4559 ΒΓ.
1202 4503 1261 4557 362.

165 4576 177 4608 ⁶
194 4574 234 4627 De
253 4572 392 4627 collatione
410 4572 481 4626 Nori
498 4572 566 4628 (lest.
586 4574 661 4626 1444.
697 4572 896 4642 Neuherausgs
915 4571 1094 4627 .r.llrasmus
1106 4572 1166 4627 Pur.
1186 4572 1260 4626 1505.

167 4644 235 4696 'Au
254 4641 406 4695 demsolbon
430 4640 498 4710 'luge
520 4641 571 4694 wie
594 4642 640 4695 dor
661 4657 716 4695 ror.
740 4640 783 4695 Br.
807 4641 882 4710 ptem
913 4644 987 4694 enta«
1004 4657 1044 4709 ep.
1064 4656 1106 4695 arn
1125 4639 1261 4710 Schlusse)
