2774 4966
407 643 513 697 Mutian
531 658 565 698 an
584 641 685 698 Eoban.
722 643 828 698 lintion
847 659 881 698 an
899 640 1000 700 Urban.
1202 644 1266 712 465

137 816 260 882 colores
284 819 316 881 et
338 815 450 894 vestis,
480 817 517 879 ut
546 835 705 896 nusquam
736 814 777 879 ab
808 813 1033 880 orthodoxae·
1061 819 1267 897 persuasione

136 925 176 966 ne
198 924 307 984 ungue
330 901 459 984 quidem
476 900 574 964 latius
588 901 755 965 recessisse
771 901 906 965 videare.
945 900 1032 965 Haec
1046 901 1086 965 ad
1102 903 1265 982 teseribo,

134 1010 198 1052 non
226 995 264 1052 ut
291 987 352 1051 tibi
382 986 556 1050 blandiaris
589 986 628 1049 da
655 1008 725 1049 meo
752 986 950 1063 testimonie,
978 988 1033 1051 sed
1060 986 1265 1053 honorandae

134 1075 279 1137 veritatis
303 1073 406 1153 gratia
430 1077 462 1135 et
485 1093 591 1135 amore
609 1072 665 1134 tui.
704 1071 788 1134 Vale.
828 1071 944 1135 Datum
962 1073 994 1136 in
1012 1073 1099 1137 feriis
1115 1075 1264 1138 messium

132 1167 166 1223 et
188 1161 321 1223 solemni
341 1158 468 1239 justitio
492 1159 576 1220 intra
600 1158 697 1220 Eidus
720 1157 860 1221 Sextiles
883 1157 1041 1221 MDXllll.

287 1258 349 1310 (I'od.
368 1257 434 1311 Frof.
454 1256 511 1309 385.

136 1445 252 1514 (Gotha)
658 1429 731 1492 396.
1079 1447 1156 1516 (Aug.
1177 1447 1264 1516 1514.)

506 1553 652 1624 Mutian
676 1572 725 1623 an
749 1552 887 1624 Urban.

132 1682 250 1750 (aalma
265 1681 423 1750 yldeklr'ohes
447 1680 607 1735 Lehnalent.
642 1680 775 1734 Herbords
792 1681 870 1734 Rerbe
887 1681 956 1734 roaolt
973 1680 1187 1751 Braunsoluoer'q.
1227 1683 1265 1739 Ob

267 1750 335 1803 arobl
351 1751 397 1803 der
414 1767 480 1803 aare
498 1750 663 1817 Erabr‘solros
676 1749 798 1802 Albrerlrt
814 1751 864 1802 dos
881 1749 1003 1802 Polliam
1020 1751 1133 1818 aleoba)

201 1865 355 1925 Magistro
373 1864 415 1914 Η.
433 1865 562 1915 Urbano
581 1877 757 1923 oeconomo,
775 1865 843 1914 viro
862 1874 980 1915 summo
999 1860 1054 1930 (Μ.
1071 1863 1195 1932 Bulbo).

235 1973 267 2039 S.
302 1975 453 2056 Magnum
472 1979 504 2038 et
520 1974 690 2039 honestum
702 1997 771 2039 esse
786 1976 870 2038 inter
885 1975 1079 2056 professores
1096 1975 1262 2042 Eobanum

131 2065 198 2124 tam
222 2061 300 2124 mibi
324 2060 428 2142 placet
451 2082 546 2142 quam
571 2061 655 2142 quod
679 2062 826 2124 maxime.
872 2061 1152 2142 Ingeniosissimus
1167 2063 1262 2127 homo

131 2152 288 2227 quantum
317 2148 455 2209 carmine
486 2147 600 2223 valeat,
624 2148 716 2210 testis
739 2152 789 2210 est
811 2145 991 2210 Germania.
1036 2147 1103 2211 Nos
1133 2149 1263 2230 gloriari

131 2253 301 2314 possumus
325 2233 441 2295 habere
463 2232 560 2295 talem
584 2235 721 2296 amioum
745 2233 829 2295 lama
851 2232 1103 2296 immortalem.b
1147 2233 1262 2299 Noster

130 2317 332 2381 Herebordus
349 2319 375 2381 si
393 2338 461 2381 meo
478 2319 609 2382 consilio
626 2319 740 2382 luisset
756 2339 842 2392 usus
865 2339 930 2380 non
954 2318 1087 2382 vidisset
1102 2318 1263 2385 Brunonis

129 2402 316 2481 civitatem‚¹
355 2424 457 2484 genus
490 2410 657 2468 ventosum
694 2410 727 2466 et
760 2403 867 2466 bibax.
928 2400 1057 2467 Maneat
1093 2405 1126 2467 in
1164 2427 1262 2487 regno

130 2493 273 2572 paterno,
298 2489 353 2552 ubi
378 2488 482 2552 laudis
504 2490 676 2570 plurimum
700 2491 828 2569 assequi
851 2494 966 2571 potest.
1013 2488 1108 2553 Solus
1130 2488 1261 2570 latinus,

129 2575 217 2638 solus
240 2575 452 2655 antiquarius,
475 2576 561 2639 solus
584 2575 682 2657 (quod
706 2575 864 2656 voluptati
887 2574 964 2637 mihi
988 2573 1050 2652 est)
1081 2575 1166 2639 inter
1195 2581 1260 2641 tam

130 2660 284 2742 superbos
301 2660 480 2723 causidicos
494 2671 506 2699 ⁰
523 2682 632 2742 sapere
648 2661 781 2723 videtum
816 2659 931 2736 Ceteri,
947 2666 983 2724 ut
1000 2664 1085 2738 sunt,
1102 2661 1262 2726 habentur

130 2745 267 2808 barbari.
313 2746 358 2808 De
394 2746 497 2809 tribus
532 2747 694 2809 canonicis
728 2751 760 2808 et
791 2745 895 2809 scriba
929 2744 1117 2826 famigerato
1140 2748 1186 2810 sio
1209 2770 1261 2811 ac·

128 2832 213 2913 cepi:
249 2833 349 2895 ituros
383 2831 640 2914 Parthenopolim
666 2833 685 2894 i.
710 2854 735 2895 e.
760 2831 1022 2912 Magdeburgum,
1053 2835 1089 2894 ut
1114 2833 1261 2911 ,salutent

131 2917 286 2980 delectum
312 2914 521 2998 pontificem.²
566 2917 683 2998 Magna
704 2938 806 2979 rerum
832 2917 977 2980 mutatio,
1024 2915 1113 2980 Unus
1133 2917 1260 2999 juvenis

131 3004 186 3065 vix
209 3003 411 3084 paedagogos
427 3003 441 3040 ‘¹
464 3009 497 3065 ot
519 3002 700 3066 rudimenta
714 3003 875 3066 literarum
893 3002 1078 3082 relinquens
1093 3024 1158 3067 uno
1174 3026 1260 3069 anno

128 3088 237 3151 litter
260 3089 383 3170 praesui
408 3088 590 3168 etquidem
622 3086 917 3152 eminentissimus.³
961 3086 1067 3164 Miror,
1095 3088 1260 3153 sibeos·

127 3173 166 3236 X.
205 3173 397 3237 chlaenamf
434 3174 544 3255 (vulgo
586 3175 714 3255 pallium
754 3176 882 3254 vocant)
926 3174 1135 3237 transmittat.
1196 3175 1259 3240 Sed

127 3258 247 3323 Romae
280 3259 358 3340 quid
389 3281 452 3323 non
484 3258 619 3322 venale?
667 3259 793 3322 Videbis
827 3258 1048 3340 paenulatum⁴
1084 3260 1259 3340 lllbertum,

129 3347 178 3408 oui
211 3345 288 3408 dous
318 3345 532 3409 constantiam
567 3346 698 3408 tribuat.
745 3343 870 3409 Mutato
903 3347 986 3407 enim
1020 3345 1153 3408 oonsilio
1187 3345 1260 3429 plus

129 3431 268 3508 nocebit,
291 3431 367 3512 quia
390 3431 642 3513 potentissimus,
665 3430 871 3512 Erpburdiae,
895 3452 989 3511 quam
1014 3430 1162 3511 prodesse
1184 3454 1259 3495 cen-

129 3525 225 3581 setur.
272 3516 358 3580 Haec
393 3517 498 3597 superi
533 3523 654 3580 curent.
700 3515 746 3578 'l'u
770 3515 903 3578 Janum‘
938 3516 1049 3579 audies
1077 3523 1109 3579 et
1138 3517 1259 3582 valebis

126 3601 166 3666 ad
192 3607 265 3665 vota
289 3602 375 3665 felix.
421 3603 559 3684 llaptim.

281 3702 343 3755 (nd.
362 3702 428 3756 Frol.
447 3702 505 3755 285.

125 3791 331 3803 .-.-.-—..—

196 3837 209 3864 ⁸
223 3823 368 3875 orthodoxa
388 3822 461 3874 Terra
532 3827 546 3863 b
561 3823 707 3875 immortale
728 3822 802 3874 Terra.
872 3821 964 3873 cmibi
982 3820 1041 3886 silut
1061 3819 1135 3872 rma
1153 3822 1205 3874 ein.

126 3890 665 4026 dpaldl'griirgudlosdiiniddlddldlldoiddlir
696 3891 798 4011 kdrdbori
819 3889 1257 4036 ΊΙξιξιιιιιεοὶιἱιὲἒὲἓξᾶἳιιΐθιιῒὴειίΐο

126 4027 230 4079 melden
250 4028 292 4079 dio
313 4028 399 4079 Briolo
418 4029 508 4079 weitor
526 4029 620 4080 niolrts.
650 4029 689 4080 lm
707 4028 777 4095 Sept.
798 4043 853 4079 war
872 4027 989 4080 llorbord
1008 4027 1106 4078 wlodor
1123 4043 1151 4078 ιιι
1169 4027 1257 4081 Erlurt

125 4096 180 4148 und
200 4096 289 4147 wardo
308 4112 339 4147 an
360 4098 406 4147 dos
425 4097 633 4163 bingoriohtotnn
660 4096 779 4148 Bobozrm
805 4095 885 4148 Stella
904 4111 964 4147 zum
983 4094 1188 4161 Stodtsyndikus
1211 4112 1256 4163 ge-

128 4163 216 4217 wr'iblt.
271 4166 280 4196 ²
299 4164 425 4216 Albroobt
444 4181 494 4216 von
513 4164 710 4232 Braudonburg,
732 4181 774 4217 am
793 4166 816 4217 a.
836 4163 907 4216 bliirz
925 4162 1047 4229 gowiililt,
1067 4178 1109 4214 am
1130 4163 1169 4214 18.
1188 4165 1255 4231 Aug.

126 4232 256 4299 besttitigt‚
286 4232 380 4283 orbiolt
408 4234 454 4285 das
483 4232 595 4285 l‘allium
624 4249 667 4285 nm
696 4237 717 4287 l.
746 4233 816 4299 Sept.
852 4233 887 4285 Er
905 4231 971 4283 hiolt
988 4231 1079 4283 soinen
1105 4231 1206 4299 Einzug
1229 4235 1255 4285 iu

125 4300 287 4367 Mogdeburg
314 4303 338 4352 7.
366 4301 427 4365 Mai,
455 4303 480 4353 in
509 4301 585 4353 Hallo
616 4304 662 4367 14..
691 4302 769 4353 roisto
794 4303 834 4352 27.
858 4301 916 4354 ort.
945 4300 1011 4352 nauli
1039 4299 1135 4352 Mainz.
1171 4300 1255 4368 May,

126 4369 198 4421 Albr.
218 4387 243 4422 v.
262 4370 297 4422 ld.
317 4369 390 4433 1‚“28
409 4372 434 4422 r.
472 4370 519 4422 Dio
542 4371 617 4422 Stant
636 4370 723 4422 Erlurt
742 4368 992 4438 begliiclrur'insebto
1010 4368 1055 4419 ilm
1074 4383 1116 4420 am
1137 4369 1176 4422 10.
1196 4368 1255 4422 oet.

125 4436 378 4503 Falekenstein,
407 4437 473 4491 llist.
493 4455 517 4492 v.
537 4438 588 4492 Ed.
611 4439 628 4505 Ι,
653 4440 710 4490 544.
783 4437 944 4497 ³Albroeht,
972 4435 1073 4488 damals
1100 4437 1132 4489 25
1158 4438 1182 4490 J.
1210 4437 1255 4503 alt,

124 4520 181 4559 war
207 4508 266 4559 Ani.
296 4509 363 4559 1514
389 4522 421 4558 on
449 4508 496 4558 dor
521 4505 602 4559 Stella
629 4508 676 4558 des
703 4523 744 4559 am
770 4508 793 4560 3.
814 4510 879 4573 Aug.
907 4506 972 4558 1513
990 4506 1009 4568 †
1027 4503 1102 4558 Emb.
1129 4504 1254 4560 Emst‘v.

123 4572 293 4642 Magdeburg‚
313 4575 530 4628 administratore
549 4591 599 4627 von
617 4573 795 4639 Halborstadt
814 4573 928 4642 gewttblt
946 4573 1058 4625 worden.
1086 4573 1145 4641 l'gl.
1164 4574 1190 4629 S.
1203 4575 1255 4628 406

124 4647 156 4696 A.
174 4643 199 4696 8.
271 4642 329 4696 ⁴1).
350 4644 365 4696 i.
386 4644 433 4694 mit
452 4644 511 4695 doru
530 4643 644 4696 Pallium
671 4643 808 4696 lrekleidet.
879 4641 1030 4696 ⁶Urbious.
1066 4641 1091 4695 S.
1111 4642 1163 4697 289
1179 4646 1211 4696 Δ.
1231 4645 1253 4698 1.

151 4731 285 4772 zerreemm
299 4732 325 4772 x.
340 4732 366 4771 n,
381 4730 458 4780 Suppl.
472 4732 513 4771 rx.
1007 4711 1052 4774 bb
