2774 4966
138 622 201 687 144
392 604 396 612 '
520 614 607 674 anea
624 637 676 675 von
695 620 874 677 raes-rsus.

136 793 359 858 teneriusculis
381 814 461 854 cana
476 792 661 856 maturItate
683 793 817 873 grandia
839 793 989 858 inculcas.
1012 793 1119 871 Lacte,
1142 796 1205 862 hoc
1220 801 1273 864 est

139 878 308 942 rnolliculis
331 877 490 940 institutis
517 877 622 941 alendi
653 883 737 940 sunt.
782 878 880 942 Novit
911 880 1071 943 seniculus
1098 884 1189 965 (pace
1213 888 1272 949 tua

139 964 254 1044 dicam)
279 968 441 1026 tantorum
466 962 581 1025 filiolos
606 985 668 1025 noo
686 963 786 1025 solum
812 964 920 1027 latinis
936 971 968 1028 et
985 966 1158 1030 moralibus
1176 990 1270 1050 prae-

138 1051 239 1132 ceptis
260 1055 316 1112 tuo
340 1049 433 1111 modo
457 1048 598 1110 imbutos
620 1048 743 1128 placere
759 1071 861 1130 posse,
878 1050 939 1112 nisi
956 1051 1050 1114 etiarn
1067 1052 1106 1115 ad
1123 1074 1270 1117 summae

139 1136 285 1199 fortunae
322 1133 520 1214 splendorem
549 1138 580 1194 et
608 1134 797 1214 dignitatem
828 1136 924 1211 actio,
955 1141 1075 1216 gestus,
1110 1138 1267 1218 incessus,

136 1240 249 1286 sermo,
278 1219 409 1280 babitus
441 1218 633 1294 tormentum
669 1227 839 1300 praeterea,
874 1222 959 1300 quod
993 1242 1052 1300 ego
1087 1223 1266 1287 maximum

136 1329 205 1369 esse
227 1306 317 1375 duco,
354 1304 455 1366 bonae
480 1303 671 1366 valetudinis
699 1307 854 1367 rationem
885 1304 1074 1383 habendam,
1101 1308 1171 1370 sine
1202 1329 1268 1390 qua

136 1413 199 1454 non
225 1396 330 1471 potest
353 1395 418 1451 tam
443 1389 560 1451 tenella
583 1393 672 1452 aetas
695 1389 973 1453 adulescenturire.
1011 1391 1089 1455 Item
1114 1393 1267 1457 studendi

139 1476 305 1540 industria.
323 1474 529 1554 elanguescat
559 1496 687 1536 necesse.
716 1483 773 1550 est,
807 1476 868 1538 nisi
896 1476 1052 1539 docilitati
1083 1478 1266 1559 corpusculi

136 1563 218 1625 vires
246 1561 416 1623 sufficiant,
469 1559 601 1621 Animus
629 1560 729 1627 euim,
764 1566 799 1623 ut
830 1561 937 1642 inquit
972 1561 1103 1638 Plinius,
1136 1564 1266 1627 fulturis

136 1647 274 1727 corporis
291 1646 475 1707 sustinetur.
499 1644 572 1706 Ideo
590 1644 737 1706 Solomou
756 1645 850 1707 dixit:
872 1645 958 1721 ,Non
977 1652 1025 1708 est
1040 1670 1154 1712 census
1170 1669 1267 1731 super

133 1753 261 1796 censum
286 1730 434 1792 sanitatis
457 1729 624 1809 corporis.“
673 1728 792 1792 Scribit
815 1729 915 1807 Plato,
948 1731 1026 1794 nihil
1051 1755 1119 1796 esse
1149 1733 1265 1798 melius

134 1819 281 1881 sanitate.
329 1815 412 1877 Nota
435 1826 481 1877 est
506 1814 559 1877 illa
582 1815 688 1877 cantio
712 1815 903 1878 convivalis:
927 1817 1081 1898 optimum
1106 1818 1266 1899 quidem·

134 1925 201 1966 esse
225 1903 304 1964 bene
327 1899 439 1976 valere,
463 1899 603 1962 secundo
626 1900 694 1962 loco
718 1900 888 1964 formosum
914 1924 991 1978 esse,
1021 1903 1115 1966 tertio
1146 1904 1265 1967 habere

135 1988 263 2051 divitias
292 1986 375 2047 bono
407 1985 499 2047 modo
534 1990 650 2066 partas.
696 1984 783 2060 Quae
813 2008 882 2048 curn
912 1987 958 2050 ita
987 1988 1061 2066 sint,
1093 2009 1264 2068 puerorum

134 2073 337 2136 incolumitas
359 2076 433 2133 ante
450 2071 557 2132 omnia
573 2070 781 2146 custodiatur,
798 2072 851 2133 sed
869 2071 1053 2152 quomodo?
1076 2072 1265 2137 Cottidiana

133 2157 370 2223 exercitatione,
403 2177 466 2236 qua
493 2162 622 2218 auctore
653 2154 851 2230 Quintiliano
882 2165 999 2220 cuncta
1022 2158 1260 2223 convalescunt.

134 2244 176 2307 At
191 2242 294 2324 qualis
312 2240 395 2303 erit'?
438 2241 472 2302 ld
490 2240 650 2303 seniculus
673 2242 867 2322 praescribat
883 2265 990 2304 earum
1007 2265 1108 2305 rerum
1127 2245 1260 2326 peritus.
1298 2265 1301 2269 ·

134 2330 164 2392 ls
180 2330 240 2391 etsi
257 2349 318 2390 non
336 2327 432 2388 saciet
454 2327 717 2407 quinquertiones
740 2332 772 2389 et
787 2327 934 2398 athletas,
959 2330 1161 2408 nequeenim
1180 2330 1263 2394 mili·

134 2415 192 2478 tari
216 2412 321 2476 adbuc
344 2412 542 2492 gynrnastica
564 2433 643 2492 opus
660 2416 717 2485 est,
742 2411 908 2475 adhibebit
924 2419 1030 2475 tamen
1048 2413 1263 2491 moderatusb

133 2497 434 2571 ambulatiunculas,
458 2497 664 2576 temporarias
694 2496 962 2579 obequitationes,
990 2498 1171 2579 aequalium
1196 2500 1263 2564 col-

133 2585 325 2649 luctationes
339 2594 361 2650 ⁰,
385 2583 561 2663 reciprocos
585 2604 704 2657 cursus,
730 2603 793 2644 non
817 2583 887 2645 dico
904 2583 1075 2663 vertigines
1097 2585 1261 2662 statarius,

132 2692 214 2751 quae
237 2668 431 2751 perniciosae
454 2670 540 2735 sunt,
564 2688 626 2729 non
650 2667 813 2731 salutares.
859 2667 948 2743 Quod
971 2675 1007 2731 tu
1030 2668 1116 2746 olim,
1148 2668 1263 2751 Spala-

130 2758 206 2831 tine,
224 2753 307 2835 apud
326 2751 456 2815 Crotum
474 2758 623 2832 expertus
639 2775 672 2814 es
688 2753 719 2814 in
738 2753 878 2833 pomario
894 2752 1094 2834 Mogontino.
1119 2752 1262 2818 Utantur

133 2843 242 2920 itaque
264 2843 329 2901 tam
353 2836 427 2900 belli
451 2842 483 2899 et
506 2836 633 2899 delicati
650 2838 738 2919 pueri
762 2837 876 2901 festiva
898 2838 1023 2901 lusione
1039 2844 1071 2902 et
1085 2839 1162 2902 otio.
1195 2840 1262 2903 Me-

132 2925 261 2989 mineris
284 2922 423 2986 scholam
449 2946 467 2984 a
490 2923 657 2985 vacatione
680 2923 751 2986 dici.
797 2923 939 2999 Cessent,
963 2929 1146 3000 avocantur,
1170 2924 1261 2989 laxa-

131 3015 239 3074 mento
272 3009 442 3088 gaudeant.
488 3006 684 3070 Exercitatio
720 3008 816 3083 enim,
849 3013 884 3071 nt
914 3009 1013 3071 tradit
1046 3009 1261 3074 latinissimus

130 3096 322 3159 medicorum
347 3093 512 3155 Cornelius
536 3090 655 3166 Celsusr,
686 3093 788 3173 prima
811 3095 950 3174 corporis
973 3096 1096 3157 curatio
1119 3100 1178 3159 est.
1225 3095 1261 3160 ld

133 3181 218 3262 quod
241 3179 345 3241 Numa
368 3177 556 3257 legumlator
580 3178 761 3257 intelligens
785 3178 949 3241 damnavit
980 3181 1151 3260 pigritiam,
1176 3180 1260 3244 desi·

130 3268 225 3343 diam,
249 3264 419 3345 ignaviam,
444 3263 510 3325 lata
533 3263 601 3343 lege
623 3263 840 3336 saluberrima,
864 3285 927 3343 qua
950 3266 1058 3327 sanxit
1081 3264 1260 3328 sellularias

130 3359 213 3416 artes
236 3375 255 3413 a
271 3349 443 3430 peregrinis
467 3354 498 3411 et
514 3349 613 3410 seriis
628 3348 775 3423 exerceri,
799 3348 921 3411 civibus
946 3350 1147 3413 interdictas:
1172 3351 1260 3432 quod

130 3437 278 3501 videlicet
300 3433 480 3497 sedentaria
504 3434 650 3514 fatigatio
674 3439 705 3497 ct
721 3435 859 3514 corporis
882 3442 914 3497 et
930 3435 1046 3515 pariter
1061 3436 1160 3498 animi
1177 3436 1259 3500 vires

129 3524 301 3586 subnervat
324 3526 420 3600 atque
444 3519 598 3581 debilitet.
644 3519 727 3595 Quin
751 3530 782 3581 et
800 3518 890 3582 Plato
914 3521 1068 3602 praecipit
1089 3520 1172 3583 libro
1189 3520 1257 3585 VIII

129 3609 175 3671 De
191 3608 323 3688 legibue,
348 3613 383 3668 ut
406 3610 505 3666 artem
529 3604 668 3685 aliquam
694 3612 876 3666 exercentes
900 3606 1055 3686 peregrini
1078 3604 1136 3667 XX
1152 3607 1257 3684 annis,

127 3695 155 3756 si
177 3699 253 3755 sunt
276 3693 307 3753 in
331 3690 435 3753 aliena
459 3689 598 3765 civitate,
622 3691 690 3752 sine
714 3689 915 3769 vectigalium
950 3690 1110 3753 solutione
1132 3713 1258 3773 perma-

127 3783 234 3842 neant.
279 3776 345 3838 Nec
373 3776 440 3856 ipse
471 3776 582 3854 ignoro
617 3775 728 3838 servile
757 3781 788 3836 et
819 3776 1030 3838 monasticum
1065 3797 1146 3856 opus
1177 3798 1256 3856 esse,

127 3865 274 3928 sessitare
297 3868 383 3924 totos
407 3860 474 3922 dies
497 3861 599 3922 instar·
628 3860 733 3922 claudi
764 3861 882 3922 sutoris
905 3868 937 3922 et
959 3860 1058 3941 figuli.
1105 3859 1156 3924 Sit
1179 3883 1257 3944 pue·

127 3950 202 4013 titia
224 3948 362 4019 liberior,
387 3951 511 4008 cessent
534 3944 732 4007 truculentae
756 3946 860 4007 minae
884 3945 1064 4025 clamorque
1088 3952 1120 4009 et
1143 3947 1257 4029 plagas

127 4037 288 4107 sonantes,
316 4054 392 4111 ,uec
415 4053 536 4112 semper
560 4031 663 4092 acerbi
696 4031 827 4091 llxercet
858 4052 971 4111 pueros
1000 4052 1062 4093 vox
1087 4032 1256 4112 imperiosa

126 4119 280 4201 magistri.
326 4115 387 4179 Sed
412 4115 548 4195 requied
571 4115 734 4195 studiique
757 4116 840 4177 vices
857 4120 942 4179 stata
958 4123 1099 4198 tempora
1116 4123 1254 4180 servant.

125 4206 166 4268 Et
188 4205 267 4267 sutis
290 4212 338 4263 est
359 4223 454 4284 puero
485 4201 613 4263 memori
645 4201 759 4280 legisse
787 4201 935 4274 libentem
965 4201 1255 4266 arcessentes.

126 4290 221 4372 Grajo
237 4301 248 4328 ⁸
264 4288 372 4351 schola
390 4287 515 4348 nomine
533 4287 617 4348 dicta
634 4294 692 4358 est,
709 4286 803 4348 lustu
821 4286 996 4348 laboriferis
1018 4287 1204 4351 tribuantur
1219 4296 1256 4351 ut

126 4377 193 4439 otia
217 4373 361 4438 blesis.“¹
409 4373 485 4451 Ego,
511 4373 551 4433 mi
576 4371 751 4452 Spoletina,
785 4371 864 4434 nibil
900 4374 1089 4452 contingam,
1124 4378 1256 4456 experta

193 4524 206 4551 α
221 4508 328 4575 quidam
344 4505 407 4571 fehlt
426 4504 466 4555 dei
486 4504 561 4556 Tana.
632 4505 808 4557 bmoderatus
829 4504 902 4556 Terra.
973 4503 1220 4582 eonductationem.

192 4575 346 4643 drequiem.
372 4572 469 4625 Urusere
486 4572 626 4640 Aruguben
646 4574 712 4624 lesen
731 4573 820 4641 requie
839 4584 882 4638 t:
900 4574 1023 4640 requam).
1093 4580 1202 4641 0gruto.

196 4647 202 4675 ¹
223 4647 324 4697 auson.
342 4641 419 4710 ldyll.
438 4644 463 4708 4,
482 4642 557 4695 2-7.
