2774 4966
10 33 980 337 u

847 416 853 428 Ι

533 655 639 722 lintion
658 685 692 721 00
714 652 811 720 Urben.
901 734 908 746 .
1181 659 1245 731 589

111 839 227 925 capiat,
249 863 440 923 quamquam
462 864 481 904 e
505 842 589 905 bono
613 862 676 903 non
702 841 762 902 nisi
785 838 913 902 bonum.
959 838 1036 914 Quis
1060 843 1165 927 antem
1191 837 1245 899 11-

114 928 204 991 berto
228 926 366 991 melior?
411 927 440 989 ls
464 928 572 990 ruinas
596 926 737 989 civitatis
754 925 872 996 fulciet,
890 924 1062 987 marcentia
1081 923 1245 999 excitabit,

114 1014 318 1077 contumacia
350 1012 503 1086 domabit,
527 1019 564 1075 ui
588 1009 694 1093 populi
726 1010 856 1091 plausus
884 1009 1114 1091 praeseferre
1145 1009 1246 1090 possit

113 1099 196 1161 liano
232 1098 514 1161 exclamationem:
554 1098 739 1178 „advenisti
773 1102 914 1157 seruator
946 1095 1075 1175 patriae.
1130 1092 1245 1156 Salvus

115 1182 260 1266 popolus.
308 1183 404 1245 Salva
427 1184 539 1265 patrie.
586 1181 702 1245 Salvus
726 1187 814 1262 pater
838 1181 965 1260 patriae.
1012 1177 1088 1242 Sine
1112 1184 1144 1241 te
1167 1179 1245 1242 nihil

114 1290 245 1331 eramus
295 1266 338 1329 Te
361 1276 528 1350 praesente
558 1268 757 1349 respiramus,
793 1267 945 1344 vigemus
980 1264 1119 1327 secunda
1153 1264 1245 1327 nobis

113 1353 325 1436 pollicemur·.“
374 1352 435 1416 Sed
459 1353 537 1415 haee
560 1373 687 1434 quoque
705 1351 782 1413 nihil
800 1351 839 1413 ed
856 1373 915 1413 me.
955 1349 1002 1412 Ad
1019 1348 1244 1424 Herebordum

113 1438 322 1503 clarissimum
337 1438 496 1519 juvenem,
516 1459 578 1500 non
597 1438 679 1500 dabo
696 1436 956 1512 consolationem,
980 1436 1056 1516 quia
1077 1434 1242 1517 prodigum

10 1532 14 1539 '
113 1524 248 1606 patrem¹
285 1524 404 1600 amisit,
433 1525 497 1586 imo
529 1522 692 1604 praemisit
715 1520 755 1584 ed
779 1542 978 1584 communem
1013 1520 1128 1597 locum,
1162 1519 1245 1584 unde

112 1615 232 1689 negant
267 1609 367 1672 redire
401 1629 602 1690 quemquam.
661 1606 816 1670 adamum
851 1607 926 1669 andi
961 1613 993 1669 et
1025 1627 1098 1669 ama
1131 1627 1180 1667 me
1214 1610 1245 1668 te

112 1701 281 1757 amantem.
327 1694 424 1758 lrasri
458 1715 596 1775 possum,
631 1692 798 1773 objurgare
832 1693 928 1766 soleo,
961 1714 1009 1754 me
1040 1691 1136 1754 nosti.
1182 1689 1243 1753 Sed

113 1802 175 1841 non
202 1800 328 1860 possum
355 1801 417 1843 non
442 1801 548 1842 amare
571 1782 733 1860 perpetuo,
758 1797 839 1857 quos
862 1777 956 1840 semel
974 1776 1114 1839 amicitia
1131 1774 1245 1857 dignos
1304 1807 1311 1816 ·

110 1865 260 1946 judicavi.
308 1864 393 1940 Vale,
417 1870 489 1947 post
512 1863 642 1927 Martini
666 1863 828 1926 solemnia.

98 1958 106 1974 ¹
270 1947 331 2001 (bd.
351 1947 416 2000 Frol.
436 1947 494 2001 520.

112 2082 228 2152 tGothe.)
638 2067 710 2130 527.
1021 2080 1062 2134 21.
1080 2080 1151 2134 Marz
1171 2080 1245 2138 1521.

481 2175 627 2245 Mutien
649 2195 699 2245 an
723 2173 876 2245 Urban.²

118 2285 213 2352 (Jonas
230 2286 376 2355 errsprr'elrt
393 2286 429 2340 M.
448 2286 519 2340 seiae
537 2286 619 2353 Hdlse
636 2287 667 2338 in
684 2286 771 2338 einera
795 2285 899 2338 Haadel
921 2285 973 2337 mit
996 2284 1172 2352 Rotaulorser.
1209 2286 1245 2341 M.

245 2355 281 2407 ist
298 2355 372 2407 01051
389 2356 435 2408 der
457 2355 679 2409 Versbtrrlirdleit
696 2355 748 2406 mit
764 2354 814 2406 den
834 2353 953 2422 Grynem
971 2353 1122 2421 0590001111.)

432 2501 434 2504 ,
477 2450 519 2503 Η.
537 2452 666 2502 Urbano
685 2448 740 2517 (Μ.
757 2448 880 2514 Rufus).

220 2543 323 2608 Salus.
367 2544 469 2609 Jonas
500 2545 628 2609 virtutis
659 2541 809 2608 antistes⁸
845 2543 1011 2625 pollicetur
1046 2543 1123 2607 mihi
1155 2565 1244 2607 suam

112 2649 240 2711 operam
260 2630 291 2692 in
309 2630 526 2711 componendo
545 2632 685 2711 negotio,
702 2630 786 2712 quod
804 2627 1066 2693 Roteudorferus⁸
1082 2633 1114 2691 et
1131 2629 1245 2709 hospes

115 2715 306 2790 excitarunt,
342 2721 437 2798 teque
471 2716 647 2798 adjutorem
680 2720 711 2779 et
740 2716 895 2779 arbitrum
929 2714 991 2778 sibi
1024 2715 1130 2777 sumit.
1176 2713 1243 2796 Ego

115 2801 262 2881 respondi
297 2823 345 2862 me
379 2803 550 2883 propitium
587 2824 655 2864 osse
689 2823 791 2881 neque
825 2801 940 2862 iratum
976 2798 1080 2862 adhue
1114 2799 1243 2876 feritati,

115 2885 207 2948 modo
242 2886 430 2966 quietissimi
464 2892 573 2950 essent
605 2887 785 2950 adversarii.
832 2884 878 2947 Tu
902 2885 997 2947 etiarn
1021 2890 1117 2966 atque
1148 2885 1243 2948 etiam

116 2970 292 3052 considera,
316 2993 355 3034 ne
378 2973 430 3035 via
452 2973 641 3036 concordiae
663 2972 749 3036 trans
772 2970 932 3051 subrepat.
979 2967 1014 3032 Si
1037 2969 1113 3052 quid
1130 2974 1244 3050 optant

118 3055 250 3119 hostiles
274 3057 341 3133 viri,
365 3055 483 3121 frustra
506 3059 648 3138 eupiunt.
694 3056 763 3119 Non
788 3054 984 3138 respondebo
1008 3056 1100 3130 rotis,
1133 3061 1244 3136 utpote

113 3163 209 3205 causa
225 3143 376 3224 superior.
427 3142 482 3206 Sin
508 3147 613 3207 autem
638 3141 678 3205 ab
702 3143 775 3205 odio
799 3142 829 3204 in
854 3141 989 3222 gratiani
1006 3141 1106 3204 redire
1122 3142 1243 3217 uolunt,

115 3248 181 3290 non
206 3248 319 3311 respuo
344 3227 606 3294 benevolentiam.
655 3228 729 3291 Rem
748 3233 846 3290 tenes.
893 3225 954 3289 Sed
972 3226 1100 3306 quando
1116 3248 1246 3308 respon-

114 3311 202 3376 debis
228 3313 267 3376 ad
293 3313 411 3395 priores
427 3312 560 3377 literas?
606 3312 690 3376 Vale.
736 3312 852 3376 Datum
877 3311 915 3375 ad
941 3310 1035 3375 lerias
1058 3313 1122 3375 divi
1144 3311 1245 3376 Bene·

114 3396 201 3460 dicti.
247 3396 390 3461 Muxxl.

268 3481 330 3535 Cod.
348 3480 415 3535 Frof.
434 3481 493 3536 522.

184 3600 191 3630 ¹
211 3599 338 3654 Vioedonr
351 3600 464 3654 Gerlach
483 3617 506 3654 v.
526 3601 551 3652 d.
570 3599 698 3653 Mattheu.
726 3599 751 3653 S.
764 3602 813 3653 115
823 3603 854 3654 A.
865 3601 889 3652 3.
944 3598 1061 3652 *Bildot
1073 3601 1122 3652 den
1133 3600 1242 3655 Sehluss

114 3665 160 3717 dos
179 3665 345 3721 Franlrfurter
363 3668 458 3722 Codex.
496 3669 535 3721 lla
553 3667 603 3720 ulle
622 3668 730 3735 iibrigon
749 3667 835 3720 Brieto
854 3683 903 3719 nur
920 3667 962 3719 bis
979 3667 1005 3719 in
1024 3669 1071 3720 das
1089 3669 1154 3721 Jahr
1173 3669 1239 3722 1515
1297 3696 1301 3702 -

115 3734 228 3793 10101100,
251 3750 279 3787 00
303 3737 374 3790 steht
391 3753 420 3789 or
437 3738 505 3790 auch
535 3736 583 3788 mit
607 3737 686 3788 ihnon
710 3736 736 3786 in
761 3736 863 3787 keinenr
892 3736 983 3787 innem
1011 3736 1241 3807 Zusemmenhang

115 3803 166 3854 und
185 3803 288 3855 soheiut
306 3820 355 3857 nur
372 3805 477 3873 sutellig
496 3805 544 3857 mit
561 3804 640 3857 ilrnen
659 3804 819 3856 verbunden.
850 3804 988 3856 Trotzdem
997 3804 1089 3856 euhion
1099 3819 1127 3856 es
1137 3807 1241 3858 000010-
1261 3856 1264 3860 .

112 3871 226 3991 pressi&
242 3871 288 3991 1113
307 3873 381 3955 nieht
396 3890 448 3927 von
466 3875 518 3992 dil
530 3873 684 3940 Samnrlung
702 3888 735 3991 zhu
743 3875 868 3992 lirinum
908 3943 919 3954 ..
941 3871 1110 3993 111111ιο1100
1146 3873 1162 3926 J
1166 3878 1240 3928 ustus

114 3955 309 4086 111ἓο11100
318 3942 641 4064 tharsitius
653 3956 795 4086 littaris
814 4048 821 4072 ‚
838 3940 1240 4064 sfltltllthohlllsl⁰⁰l

112 4076 247 4129 Severum
266 4077 362 4138 Erlurt,
383 4080 448 4132 1519
467 4079 563 4131 Roktor
580 4078 626 4130 dor
644 4077 731 4142 Uuln,
753 4077 816 4129 1521
845 4076 906 4129 bald
928 4078 997 4130 uaolr
1021 4078 1081 4130 dem
1105 4078 1243 4132 Wormsor

114 4144 269 4213 lteiohstugo
287 4146 370 4198 durch
389 4146 505 4200 Mutians
527 4145 703 4213 Eruptehluug
726 4145 820 4198 Prnbst
838 4146 864 4197 iu
883 4144 1056 4214 Wittouberg.
1092 4147 1146 4200 Iler
1172 4152 1241 4201 orsto

112 4213 154 4266 Br.
175 4212 290 4266 Mutians
307 4231 340 4267 en
360 4215 405 4267 ihu
423 4215 457 4269 ist
476 4232 536 4268 voni
554 4215 596 4267 22.
613 4213 669 4267 1011
690 4216 755 4267 1515
775 4213 898 4268 110535.
935 4213 1080 4281 Pressol,
1103 4217 1128 4270 l.
1153 4217 1241 4270 Jonas.

114 4281 206 4336 tilbert.
229 4282 301 4338 1862.
372 4283 449 4336 ⁴llio
467 4284 589 4337 Erfurten
626 4282 743 4335 Andreas
760 4282 814 4335 und
838 4280 964 4335 Nicotaus
988 4281 1167 4336 Roteudortter
1184 4284 1242 4337 urr-

113 4350 257 4402 turdienses
285 4352 344 4404 siud
372 4351 448 4406 Mieh.
470 4351 691 4405 1497100000
718 4350 842 4416 immuta,
861 4351 904 4402 ein
922 4350 1023 4403 Conred
1042 4350 1072 4405 u.
1091 4353 1146 4406 ost.
1168 4353 1241 4407 1506.

112 4416 358 4484 (Weissenborn
385 4419 419 4487 ΙΙ,
447 4420 504 4473 201.
532 4420 601 4540 243).
639 4418 799 4471 ausserdom
826 4419 861 4496 ist
887 4418 1013 4471 Nicotaus
1040 4418 1071 4473 R.
1099 4421 1241 4474 eanonicus

113 4489 194 4541 uuor.
213 4487 237 4539 b.
256 4488 323 4555 virg.
344 4487 491 4541 1111001521
512 4489 537 4543 10
594 4487 722 4554 ittonborg
740 4487 881 4540 imnretulr.
910 4486 1123 4540 Fbrstemann
1142 4506 1165 4556 p.
1186 4490 1242 4543 101.

376 4627 470 4673 BNDE
492 4628 556 4674 Dus
579 4624 834 4672 susurrorem
856 4626 983 4673 eoum.
1034 4666 1036 4671 .

578 4745 782 4756 ...--.....--ο-
