2774 4966
360 646 466 702 llutiau
484 662 519 700 au
536 641 670 715 Agricola.
705 642 810 697 lintion
827 657 862 696 an
879 640 904 698 J.
922 640 1029 695 Hessos.
1190 640 1251 706 411

133 819 200 901 Ego
235 842 371 903 quoque,
394 825 430 883 ut
452 819 559 901 inquit
587 817 649 894 ille,
680 816 829 881 minimus
862 815 1075 899 apostolorum
1108 815 1253 881 contraxi

135 907 214 971 satia
237 905 373 970 validam
398 926 526 969 manum
550 910 581 967 et
606 920 732 985 possum
756 903 788 966 in
812 901 940 967 cohorte
963 907 1072 966 nostra
1094 906 1254 967 ostentare
1284 966 1287 971 .

134 993 229 1056 duces
254 998 285 1057 et
307 992 465 1076 principes
487 992 570 1055 viros
593 997 624 1053 et
648 990 685 1052 de
708 989 805 1053 sacris
828 988 928 1052 abbas
950 993 983 1052 et
1004 1010 1135 1069 magnos
1164 988 1254 1053 Jovis

134 1079 302 1161 epulones3
326 1102 363 1142 ex
387 1078 497 1142 ordine
519 1076 658 1140 literario
682 1075 773 1158 quasi
802 1075 954 1157 quosdam
979 1074 1200 1158 cataphractos
1223 1079 1255 1139 et

133 1166 372 1248 antesignanos,
409 1184 489 1246 quos
525 1163 652 1244 agmine
688 1165 772 1226 facto
810 1162 988 1235 educemus,
1022 1163 1049 1225 si
1084 1162 1255 1225 necessitas

135 1251 354 1333 postulaverit,
378 1256 488 1314 contra
512 1248 697 1313 fraterculos
728 1249 884 1313 casearios
907 1254 938 1310 ct
962 1246 1117 1311 lunaticos
1149 1247 1254 1328 paedi-

134 1343 267 1414 catores,
291 1337 359 1399 hem
384 1335 627 1418 praedicatores¹
653 1335 756 1398 dicore
779 1334 871 1396 volui.
915 1332 990 1408 Nos,
1014 1333 1040 1396 si
1065 1333 1255 1414 probaveris,

135 1428 167 1486 te
191 1424 420 1487 constituemus
442 1418 686 1502 imperatorem.²
732 1420 816 1482 Haec
838 1419 1002 1483 scribenda
1033 1419 1152 1501 putavi,
1184 1439 1254 1483 cum

135 1531 212 1592 puer
241 1507 447 1590 Nepotianus,
480 1506 597 1571 Urbani
629 1507 728 1569 nostri
759 1527 865 1591 nepos,
896 1505 936 1568 ad
963 1505 1101 1569 scholam
1136 1503 1254 1569 Vratis-

138 1594 308 1658 laviensem
326 1594 533 1676 ablegaretur.
557 1591 641 1656 Vale.
665 1591 765 1657 Nonis
778 1590 938 1676 Aprilibus
950 1590 1109 1656 blllVlXX
1122 1590 1254 1658 Gothos.

290 1696 350 1750 Coo.
369 1694 434 1751 Frci.
454 1694 512 1751 291.

136 1900 227 1954 Gotha.
655 1885 727 1949 339.
1046 1903 1069 1955 5.
1088 1900 1162 1970 April
1182 1899 1256 1956 1514.

466 2012 610 2082 Mutian
633 2032 681 2081 an
704 2011 738 2080 J.
762 2010 931 2081 Hessos.³

182 2141 388 2211 (Versr'clrerrmq
405 2142 451 2196 der
468 2141 661 2208 l'rcrradsclrast
679 2142 736 2194 aad
755 2141 841 2196 Grrcss
859 2157 908 2194 corr
925 2140 1040 2210 Petreius
1058 2158 1108 2194 acca
1126 2141 1212 2207 Roas.)

197 2256 258 2308 Suo
276 2259 375 2308 flesso
392 2256 519 2316 Norico,
536 2257 693 2318 pontificis
710 2256 1014 2308 Vuratlalsviansla·
1031 2269 1051 2307 a
1068 2257 1195 2308 montis

298 2344 414 2394 oratori
431 2347 463 2394 st
480 2343 665 2404 philosopho
683 2343 884 2395 disertissimo
902 2341 956 2411 (Μ.
974 2340 1096 2410 Rufius).

240 2454 348 2530 Hesso,
373 2457 415 2520 mi
439 2455 548 2534 Hessc,
571 2455 677 2520 salvus
700 2457 752 2520 sis.
798 2455 865 2538 Ego
886 2478 956 2520 vcro
980 2461 1011 2520 te
1034 2456 1131 2540 diligo
1153 2460 1186 2519 ct
1207 2476 1257 2518 me

135 2565 154 2606 a
177 2546 207 2605 tc
233 2542 321 2624 diligi
347 2549 431 2605 certo
455 2542 529 2606 scie.
575 2542 609 2606 ln
633 2551 729 2606 causa
752 2550 800 2608 est
821 2548 886 2607 tam
911 2543 1013 2607 mutui
1040 2544 1155 2607 amoris
1182 2563 1259 2605 con·

132 2628 255 2712 junctio
279 2628 468 2705 studiorum,
492 2628 626 2692 dicerem
650 2651 771 2694 morum
796 2630 901 2705 etiarn,
926 2630 987 2694 nisi
1002 2635 1037 2693 tu
1054 2652 1103 2694 me
1120 2629 1259 2692 vinceres

135 2714 248 2778 officiis
272 2720 304 2779 et
327 2715 535 2778 humanitate.
582 2713 616 2778 Si
639 2720 745 2780 tamen
770 2737 840 2780 mea
867 2716 1095 2780 consuetudine
1122 2715 1169 2778 uti
1199 2713 1258 2778 tibi

135 2800 332 2865 familiariter
364 2801 480 2877 liceret,
514 2801 655 2883 profecto
690 2801 824 2866 sentires
852 2825 953 2884 neque
980 2802 1077 2866 officii
1106 2822 1163 2865 uos
1190 2822 1259 2866 essa

137 2909 238 2968 neque
276 2887 485 2950 humanitatis
529 2890 683 2969 expertes.
745 2886 841 2951 Faxit
877 2888 1063 2953 immortalis
1101 2888 1187 2962 deus,
1224 2889 1260 2952 ut

136 2974 263 3037 tandem
293 2972 464 3055 aliquando
492 2974 726 3037 conveniamus.
772 2973 914 3056 Petrsjus
943 2980 1058 3051 noster,
1091 2996 1186 3057 quam
1209 2974 1258 3039 iu-

137 3061 296 3141 geniosus,
320 3060 397 3122 deus
421 3059 511 3134 bone,
529 3081 622 3141 quam
640 3059 753 3125 doctus
769 3064 801 3124 et
817 3060 952 3126 disertus
964 3061 1104 3144 juvenis!
1143 3061 1260 3125 Romae

137 3147 204 3227 agit
232 3148 313 3210 inter
340 3146 460 3210 scribas
490 3145 692 3228 apostolicos,
720 3146 846 3212 futurus
868 3147 899 3211 in
925 3148 1001 3212 urbe
1024 3146 1132 3231 procul
1162 3146 1259 3211 dubio

137 3231 243 3310 (modo
267 3232 395 3295 fortuna
417 3232 501 3295 votis
525 3233 718 3307 subscribat)
742 3238 774 3297 at
789 3256 925 3316 magnus
940 3241 972 3299 et
987 3234 1140 3300 honestus
1155 3232 1258 3299 biero-

137 3317 265 3400 phanta.
312 3317 342 3381 Is
365 3322 397 3381 ts
416 3318 509 3400 jubet
532 3342 550 3382 a
574 3318 666 3383 nobis
688 3318 829 3384 salutari.
874 3320 909 3385 si
926 3321 1036 3400 credis,
1056 3321 1137 3386 berre
1152 3318 1259 3399 babet,

136 3406 164 3468 si
186 3426 248 3467 nou
273 3405 384 3481 credis
417 3409 515 3468 testor
539 3404 657 3482 Fidem,
686 3404 892 3470 Concordiam
918 3412 949 3471 st
971 3411 1091 3471 ceteras
1114 3407 1188 3470 deas
1211 3409 1259 3471 at·

137 3512 197 3572 que
218 3491 301 3554 deos.
348 3491 545 3570 Quamquam
569 3496 602 3554 et
623 3490 751 3556 tabulas
773 3492 910 3575 proferre
933 3515 1060 3576 possum
1085 3493 1260 3558 testimonii

137 3577 213 3641 loco.
259 3576 341 3658 Lege
365 3581 409 3650 tu,
434 3577 481 3639 vir
496 3576 730 3641 facundissime.
780 3577 940 3661 „Saluta“,
964 3581 1069 3663 inquit
1091 3576 1259 3662 Petrejus,‘

139 3662 263 3745 „verbis
286 3663 364 3727 meis
387 3662 599 3744 Spalatinurn,
633 3664 710 3727 item
748 3687 785 3728 ac
818 3663 992 3738 Urbanum,
1019 3671 1051 3730 et
1078 3666 1182 3749 siqui
1205 3665 1259 3730 alii

137 3754 213 3812 sunt
242 3750 301 3813 mei
329 3746 503 3813 amantes.“
551 3749 679 3812 Audin?
716 3751 795 3831 „mei
818 3750 991 3817 amantea.“
1038 3752 1115 3829 Quis
1137 3751 1260 3818 nesciat

138 3835 270 3898 Hessum
307 3835 455 3900 Noricum
489 3857 557 3898 esse
590 3835 844 3901 amantissimum
878 3842 910 3901 et
942 3837 1259 3904 observantissimum

118 4090 132 4137 i
152 4210 159 4220 .
206 4086 219 4170 l
234 4072 512 4209 iiiiielbibvonspiol
523 4144 547 4192 S.
560 4144 608 4196 ros
619 4142 744 4196 'cwoimal
781 4143 857 4220 {llio
867 4159 947 4211 gaure
958 4143 1046 4208 Stella,
1058 4144 1100 4197 die
1110 4146 1167 4199 sich
1178 4145 1260 4200 solbst

138 4209 380 4275 lvarupscbultu
400 4210 445 4261 bat
463 4212 591 4276 cntgcben
610 4211 702 4264 lescen.
723 4212 838 4275 tremeret,
857 4212 917 4264 dass
935 4214 982 4266 das
1001 4212 1196 4268 Unternabmou
1215 4215 1261 4269 dar

137 4278 429 4330 lluukelnrtinuorlnielc
441 4279 482 4330 ciu
496 4296 545 4331 rou
564 4279 663 4353 blutiau
683 4280 817 4401 gcplautcs
836 4282 888 4333 und
901 4282 1041 4402 persistes
1059 4299 1119 4338 war.
1174 4284 1259 4340 ³Joh.

137 4346 205 4399 lless
224 4363 271 4399 sus
290 4347 436 4414 Nurubcvg.
455 4347 555 4400 damals
574 4348 713 4402 (lehoimsc
734 4349 819 4403 reiber
836 4351 882 4403 des
925 4351 1021 4405 ischots
1038 4350 1121 4406 anzo
1139 4370 1164 4408 r.
1183 4352 1260 4406 Bres-

138 4415 190 4467 lau.
218 4420 304 4483 sptiter
330 4416 445 4483 evangel.
473 4416 598 4482 l'redigcr
624 4417 746 4470 dasolbst.
783 4417 894 4477 Koldo,
920 4419 943 4471 J.
969 4419 1045 4474 Hcss.
1074 4421 1154 4475 Bresl.
1185 4422 1258 4476 1846.

138 4484 280 4549 Kostlin,
308 4484 333 4535 iu
358 4485 405 4536 der
427 4485 525 4537 Ztsclu:
545 4487 568 4539 d.
589 4486 648 4540 Ver.
667 4487 683 4538 f.
703 4487 797 4540 Gcscb.
823 4503 848 4541 u.
868 4488 958 4542 Altam
986 4488 1085 4543 Schles.
1110 4490 1155 4544 Vl.
1192 4490 1259 4543 Dass

140 4553 241 4605 Mutina
260 4554 309 4605 den
327 4554 350 4606 .l.
370 4553 445 4617 Hoss,
465 4555 510 4606 der
527 4555 598 4607 soins
614 4555 725 4608 Studien
742 4555 815 4608 nicht
833 4558 879 4609 auf
894 4558 940 4610 dor
958 4558 1119 4612 Ertilcbule
1136 4559 1258 4627 gemacht

141 4622 221 4685 batte
239 4621 314 4675 nicht
348 4622 478 4676 crsbnliclr
495 4623 598 4691 lanata
616 4639 645 4677 or
661 4624 728 4679 aban
744 4624 816 4679 scine
834 4627 858 4678 oi
894 4643 927 4679 en
944 4626 1036 4681 Worta
1054 4627 1091 4680 im
1108 4626 1257 4683 suram.

174 4689 297 4745 ⁴Dieron
338 4691 387 4744 rial
402 4692 448 4746 des
466 4691 560 4762 Petrej.
580 4699 646 4748 ervvu
685 4693 783 4749 tauch
800 4692 844 4748 Br.
858 4642 914 4750 ff&
1255 4684 1258 4695 ¹
