2774 4966
405 40 410 67 ι’

394 99 401 113 0

152 576 215 641 656
498 574 553 627 Der
572 566 718 643 gedruclrte
738 562 932 630 Briefwechsel.

161 747 350 830 adjuverint,
380 747 538 820 auxerint,
568 752 686 811 certum
710 747 832 810 esseio
856 748 943 812 coelo
971 748 1135 816 definitum
1166 750 1288 825 locum,

160 835 215 898 ubi
249 834 336 897 beati
366 834 558 915 sempiterno
588 845 694 896 aevo²
725 833 881 897 fruantur¹
906 870 943 880 -
970 835 1021 899 hic
1052 838 1189 904 verbosa
1219 843 1287 902 ter·

155 922 274 985 minum
307 920 424 983 habeat
452 907 659 1002 ἀποστροφή,
689 942 729 983 ne
761 926 852 1002 putes
875 943 924 983 me
946 922 1079 987 colorem
1105 930 1138 989 et
1159 930 1285 990 motum

155 1007 308 1071 orationis
340 1007 468 1070 ornatui
491 1005 763 1070 accommodatum
793 1007 824 1069 in
857 1006 967 1071 humili
991 1015 1022 1072 et
1046 1010 1182 1092 simplici
1208 1034 1285 1092 syn-

155 1115 287 1174 ceraque
310 1093 444 1174 epistola
467 1094 670 1172 quaesivisse.
717 1092 903 1173 Signifiuare
928 1100 1049 1158 tantum
1077 1097 1160 1160 volui
1185 1102 1288 1180 caput

150 1179 262 1262 judicii
302 1181 400 1242 nostri
434 1181 472 1241 de
504 1184 642 1250 auctore,
680 1180 879 1260 potissimum
917 1179 975 1243 liae
1011 1204 1116 1256 causa,
1149 1190 1187 1246 ut
1216 1183 1286 1247 tibi

156 1265 377 1329 monachornm
404 1265 591 1345 politissimo
615 1275 739 1345 gratum
764 1265 947 1329 faceremus.
993 1266 1077 1330 Sunt
1100 1271 1183 1332 eninr
1203 1270 1285 1333 lraec

152 1358 208 1416 tua
230 1354 340 1415 verba:
366 1352 577 1433 „Historiuum
602 1352 768 1427 mittimus,
797 1360 886 1414 tuum
911 1353 949 1415 de
973 1353 1033 1417 hoc
1051 1355 1207 1437 judicium
1233 1379 1285 1419 re-

154 1437 344 1520 quirentes.“
393 1437 529 1513 Varium,
554 1438 596 1500 mi
617 1435 733 1518 hange,
752 1440 783 1499 et.
800 1438 956 1502 eruditum
982 1447 1031 1503 est
1052 1463 1141 1524 opus.
1181 1441 1285 1506 Grae-

153 1527 262 1589 canica
290 1523 433 1605 symbola
461 1523 625 1598 Reuohlim
649 1527 685 1586 ut
708 1523 865 1600 existimo
895 1531 927 1589 et
955 1525 1158 1607 Pyrkheimer
1188 1551 1284 1609 grae-

152 1612 270 1675 cissimi
305 1610 474 1673 contulere.
521 1609 663 1690 Denique
685 1611 717 1672 in
743 1611 924 1674 universum
957 1633 1015 1694 ego
1047 1615 1156 1677 tritum
1191 1615 1283 1678 illum

152 1696 339 1760 versiculum
363 1697 559 1777 suffragante
582 1697 714 1758 veritate
737 1696 908 1776 proferam:
943 1697 1045 1778 „Sunt
1082 1701 1174 1775 bona,
1205 1710 1286 1765 sunt

153 1785 308 1866 quaedam
342 1784 520 1855 mediocria,
555 1788 631 1845 sunt
666 1781 748 1844 mala
784 1781 919 1863 plura“‚²
944 1787 1098 1864 quumvis
1124 1795 1160 1850 ut
1184 1790 1284 1851 corri-

152 1876 246 1953 gatur
279 1891 397 1946 versus,
432 1869 566 1950 plurima
597 1872 673 1931 sunt
708 1868 790 1931 bona
813 1869 862 1932 vel
885 1870 1064 1948 mediocria,
1091 1886 1168 1936 snnt
1200 1873 1286 1938 mala

152 1979 262 2040 pauca.

255 2041 332 2117 Quis
354 2040 478 2104 estille
509 2039 670 2103 Martinus·
697 2039 809 2117 Luder,
845 2041 900 2123 qui
934 2042 1121 2124 interposito
1155 2043 1283 2108 loanne

153 2129 255 2208 Fugio
290 2134 321 2190 et
353 2127 522 2190 Venceslao
560 2126 661 2189 Linck
697 2126 852 2189 loannem
888 2127 1031 2208 Languor
1068 2130 1215 2210 sequitur
1249 2137 1283 2196 et.

153 2215 353 2277 continenter·
384 2213 543 2294 praecedit
573 2211 759 2293 Stupitinm
790 2213 910 2276 ordinis
942 2215 1036 2278 vestri
1060 2215 1284 2296 praefectum?

152 2300 290 2381 Insignis
315 2309 363 2363 est
385 2301 507 2363 incuria
524 2305 555 2361 el
572 2300 722 2362 notabilis
746 2301 935 2379 ignorantia.
953 2300 980 2363 si
997 2300 1046 2363 hic
1063 2303 1094 2364 iu
1114 2325 1281 2367 numerum

152 2388 344 2467 redigitur,b
367 2408 460 2467 quem
485 2386 591 2448 eodem
617 2387 721 2466 capite
743 2384 837 2447 XLII.
870 2387 1011 2468 principe
1034 2386 1102 2450 loeo
1129 2389 1278 2469 dignatus

153 2479 217 2552 est3
241 2494 304 2536 non
328 2472 429 2535 dicam
453 2471 578 2552 injuria,
603 2472 678 2552 quia
700 2472 768 2533 fieri
793 2478 907 2552 potest,
936 2478 972 2534 ut
993 2472 1074 2536 alius
1098 2475 1142 2537 sit
1164 2475 1282 2549 Luder,

152 2560 261 2624 alius⁰
285 2557 430 2622 hother.a
474 2558 576 2634 Quare
599 2559 681 2620 inter
704 2562 814 2640 poetas
838 2564 910 2639 post
934 2559 1145 2622 Aventinum‘
1168 2561 1283 2642 Spala-

153 2650 256 2710 tinum
292 2651 432 2709 nostrum
470 2645 703 2725 integerrimum
739 2643 922 2725 theologum
952 2650 982 2706 et
1013 2651 1085 2726 pust
1122 2644 1282 2711 Sturnum

154 2735 259 2795 nescio
283 2733 400 2813 quain
425 2732 552 2811 regione
580 2730 753 2793 volantem⁵
782 2730 974 2804 Rubiannm
1002 2732 1104 2794 virum
1139 2735 1284 2798 omnium

154 2819 311 2893 horarum,
348 2817 408 2880 hoc
442 2826 491 2880 est
518 2816 600 2898 jocis
632 2821 665 2878 et
698 2817 788 2878 seriis
822 2817 937 2898 pariter
971 2823 1080 2898 aptum
1115 2827 1148 2880 et.
1181 2842 1286 2902 nuper

153 2907 314 2968 Bononiae
337 2903 554 2984 theologorum
579 2902 759 2982 insignibus
790 2903 953 2966 donatum.
984 2906 1188 2969 nominavit?
1235 2908 1283 2970 Au

154 2992 234 3067 ideo,
260 2991 344 3072 quod
368 2990 470 3053 bonus
495 2995 586 3071 poeta
611 2989 713 3051 bonus
742 2988 909 3070 theologus
939 3011 1061 3072 semper
1084 2991 1127 3054 sit
1149 2990 1284 3056 habitus

153 3085 185 3141 et
217 3101 232 3138 e
266 3079 411 3139 diverso?
458 3075 634 3137 Admodum
669 3073 746 3137 mili
781 3075 885 3155 placet
917 3077 1109 3139 eruditorum
1146 3098 1282 3142 nornen-

153 3166 284 3236 elatura,
310 3185 372 3225 non
396 3161 496 3224 solum
520 3184 626 3224 amore
650 3161 836 3227 studiorum.
868 3161 920 3224 sed
945 3168 1110 3244 propterea
1142 3166 1284 3227 maxime

153 3252 247 3333 quod,
272 3255 307 3312 ut
333 3249 514 3312 Athenaeus
544 3248 651 3315 tradit,
683 3248 741 3309 sub
766 3249 893 3309 nomine
923 3247 1181 3329 philosophorum
1220 3254 1284 3313 rir-

153 3343 237 3401 tutes
260 3337 346 3418 ipsas
380 3336 579 3398 admiramur.
626 3334 684 3409 Qui
719 3334 882 3396 llrusrnum
918 3333 1035 3407 laudat,
1067 3335 1284 3417 eloquentiam

224 3573 237 3599 ss
251 3574 302 3625 quo
320 3562 383 3608 stult
402 3573 466 3609 aero
485 3555 597 3608 lr'ruusr.
669 3558 682 3594 Ι)
697 3554 828 3622 redegitur
852 3554 959 3619 Aulum.
978 3571 1004 3607 τι,
1024 3553 1111 3606 Kuldo.
1183 3558 1282 3610 rnliud

156 3628 240 3680 Koile.

226 3696 303 3748 ¹l'fio.
332 3695 467 3747 Solonium
495 3693 563 3761 Soip.
583 3695 606 3744 3.
678 3691 817 3745 2ΙΙξιιΙίτιΙ.
837 3692 857 3745 Ι.
878 3693 909 3743 lo
928 3692 992 3760 (17),
1064 3692 1281 3747 Urania-1²2:

156 3765 297 3818 »Onruilrus
331 3772 420 3816 nutem
456 3762 593 3815 Gorrnanis
629 3763 828 3828 antesignanum
860 3761 999 3813 llartinurn
1030 3760 1175 3814 Lutlrornrn
1207 3763 1283 3815 l'ito-

154 3835 320 3902 burgensium
333 3833 490 3886 ordinarium
504 3832 608 3899 publicu
620 3831 725 3884 nomino
743 3829 921 3899 theologorum
935 3829 1064 3898 appellare
1080 3830 1185 3883 lionoris
1198 3833 1283 3897 gratia

155 3905 287 3956 voluimus
306 3904 337 3952 oli
356 3903 486 3970 egrogiam
506 3901 681 3952 eruditionem
699 3917 715 3951 a
732 3899 778 3952 tali
797 3901 852 3951 riro
871 3908 1048 3966 arnupatarna
1086 3900 1174 3952 Etwas
1194 3908 1284 3967 spritui·

156 3975 258 4024 werdon
279 3973 347 4024 daun
366 3970 524 4038 ansgeriihlt:
543 3969 601 4022 loli.
622 3969 702 4036 lang,
729 3969 789 4020 Joh.
815 3969 878 4035 Fug,
906 3969 1037 4020 ll'ouresl.
1066 3968 1155 4024 Liuek,
1185 3969 1282 4022 ,llartin

154 4043 270 4106 lrndor,
288 4041 347 4093 Jolr.
367 4058 391 4092 r.
411 4039 535 4106 Stanpita.
573 4038 620 4089 Mit
649 4037 733 4090 Roolrt.
751 4039 831 4089 lindot
848 4038 949 4090 lllutian
968 4038 992 4088 io
1013 4038 1059 4090 dor·
1076 4037 1213 4105 doppelton
1234 4040 1281 4091 Er-

156 4113 285 4177 niilrnuog
312 4111 424 4162 lintheis
446 4110 500 4160 oud
525 4108 625 4159 Ludos
643 4109 701 4158 eine
720 4107 936 4173 Naulilr'issiglroit.
973 4107 1031 4160 loli.
1053 4107 1116 4175 Fug.
1134 4107 1283 4172 pleis-lilalls

154 4183 196 4233 oin
216 4180 383 4245 Augustino·¹
404 4178 466 4229 wird
486 4177 553 4229 uuolr
574 4193 623 4228 rou
643 4176 807 4228 l'irlrlroiurer
827 4177 850 4227 in
870 4176 955 4227 seium·
984 4175 1108 4244 Apologia
1136 4176 1282 4229 ltou‹·lrlirrs

155 4254 232 4302 notor
249 4243 298 4301 den
319 4248 497 4300 liedeutondou
516 4246 661 4312 Tlroologen
681 4247 726 4296 dn·
745 4246 800 4297 Zort
818 4249 938 4311 gerranni.
975 4245 1056 4296 llinen
1076 4245 1171 4297 andoin
1192 4245 1282 4313 (Paul)

155 4319 282 4384 Pnngius,
301 4317 425 4384 Subprior
442 4318 488 4368 der
508 4316 673 4381 Augustino:
693 4315 810 4366 rrua‘ilrnt
829 4316 934 4367 liuthor.
971 4314 1009 4365 llo
1029 4315 1071 4367 ΙΙ,
1091 4314 1170 4368 1.4‘2.
1208 4306 1283 4368 Uber

153 4388 325 4440 Wonaoslaus
345 4387 417 4446 linlz,
437 4388 485 4437 don
506 4391 608 4453 spritum
631 4384 753 4451 l'rodigor
772 4384 796 4435 in
816 4384 962 4449 Niirnborg.
981 4383 1032 4449 rgl.
1062 4383 1149 4439 ll'ill.
1180 4384 1281 4439 Niirulr.

153 4458 286 4511 (iol-lex.
308 4457 338 4510 ll.
362 4460 412 4507 filu
432 4457 456 4507 ΙΙ.
517 4453 774 4506 *lolnTlnumnior
804 4453 861 4521 l'gl.
880 4453 1008 4505 Erlrnrd
1028 4452 1074 4505 111.
1092 4452 1139 4505 421
1163 4455 1187 4506 fs.
1216 4453 1281 4506 Eine

154 4545 221 4580 nono
242 4532 319 4591 nusg.
339 4527 424 4577 soiuor
442 4524 538 4574 ll'erke
556 4522 724 4575 voranstaltot
743 4524 785 4574 dio
805 4522 862 4587 ligl.
877 4522 957 4574 sunu.
970 4522 993 4573 d.
1007 4521 1090 4575 Wiss.
1102 4523 1126 4574 iu
1139 4521 1279 4577 lliinrhen.

190 4597 274 4649 ὓΙυΙι,
296 4600 407 4646 sturnus
426 4610 473 4646 uus
491 4591 701 4644 Selnrmllmldon.
723 4592 791 4644 l‘out.
829 4587 937 4644 llrlrard.
958 4590 1003 4659 ΙΙΙ,
1022 4591 1107 4645 3201.
