2774 4966
550 654 654 707 Mutian
674 669 707 706 an
727 650 825 706 Urban.
1191 650 1255 718 585

127 830 235 891 notam
273 825 379 889 devito
412 825 540 888 tacitus.
586 822 634 887 'lu
661 823 765 887 verbis
798 823 924 904 assequi
956 827 1046 904 potes
1075 828 1177 904 totam
1201 846 1255 888 ex-

128 910 368 994 spectationem.
422 909 507 972 Bene
541 909 656 972 valeas.
712 909 828 972 Datum
862 930 899 972 eo
935 909 993 986 die,
1027 930 1090 990 quo
1124 909 1254 973 Clodius

128 996 364 1062 Cornicularius
399 1000 432 1058 et
465 995 624 1058 Maximus
662 992 853 1058 Parthenius
886 1000 917 1057 et
947 992 1094 1058 Saturius
1128 995 1254 1058 decurio

126 1081 392 1147 cubiculariorum
410 1081 586 1163 etquidem
604 1103 619 1142 e
636 1080 825 1160 gladiatorio
843 1079 916 1144 ludo
933 1080 1117 1144 vulneribus
1133 1086 1254 1161 septem

126 1167 341 1232 Domitianum
378 1164 543 1230 Caesarem
579 1166 888 1231 contrucidaverunt.
947 1165 1077 1247 Ignosce
1112 1166 1255 1230 verbosis

126 1254 256 1336 ineptiis
279 1252 382 1315 amici.
959 1279 967 1296 ·

350 1386 456 1452 Fortis
479 1392 511 1451 et
533 1387 656 1451 strenui
680 1387 797 1469 equitis
820 1387 1027 1470 epitaphium.

222 1491 309 1555 Mille
332 1492 465 1572 equites,
489 1490 623 1554 totidem
647 1491 769 1572 pedites
792 1512 905 1555 manus
928 1513 992 1554 una
1015 1489 1152 1571 subegit.

264 1576 345 1652 Quid
369 1577 461 1639 tum'?
505 1574 723 1640 Stormdorlus
746 1577 899 1640 sternitur
922 1599 996 1639 ense
1019 1598 1125 1639 senex.

222 1662 328 1726 Fortis
351 1667 434 1741 erat3
458 1661 535 1742 quid
558 1662 649 1724 tum'?
694 1661 804 1724 Claros
827 1667 899 1744 post
923 1661 1008 1724 mille
1031 1662 1155 1726 labores

265 1753 329 1810 tam
354 1746 467 1811 fortem
491 1746 583 1810 fortis
606 1745 724 1809 femina
747 1746 831 1810 Mors
853 1748 970 1830 rapuit.

203 1917 209 1929 ,
279 1848 340 1902 rou.
359 1848 426 1902 ner.
444 1850 503 1902 515.

125 2035 240 2104 (notha)
651 2019 724 2082 522.
973 2035 1011 2099 (n.
1030 2034 1058 2088 u.
1077 2034 1148 2104 sept.
1169 2035 1254 2104 1515.)

492 2146 637 2218 Mutian
660 2168 708 2217 an
732 2145 884 2217 Urban.¹

127 2273 239 2339 (Hardea
258 2275 315 2328 rand
335 2274 429 2329 Cretae
448 2275 543 2342 rccrsen
554 2276 591 2330 Μ.
605 2276 635 2329 in
647 2276 725 2329 ihren
741 2275 850 2343 Briefen
862 2276 905 2330 dic
916 2275 1006 2329 Krtrxc
1016 2276 1104 2329 θείνων
1118 2274 1256 2329 &breim

127 2360 182 2396 ror.
218 2343 271 2396 Mle
288 2344 393 2397 coloten
409 2344 556 2411 reirhurera
574 2344 793 2399 sethetbeuarsstm
815 2344 910 2398 Poetcn
934 2343 989 2398 utll
1005 2361 1034 2397 cr
1050 2343 1123 2398 nicht
1140 2343 1254 2397 strer'teu.

344 2411 417 2466 Bitu
434 2412 492 2466 eine
509 2413 584 2467 Krete
600 2413 649 2481 fr'r‘r
665 2414 715 2466 den
732 2412 830 2468 Becher
846 2430 883 2466 arr
900 2413 1038 2479 anticlea.)

412 2528 565 2591 Magistro
582 2529 625 2581 E.
643 2529 771 2581 Urbano
789 2531 833 2580 Μ.
851 2528 962 2581 Rufus.

228 2635 260 2699 S.
323 2635 460 2702 Cenanti
497 2639 573 2704 mihi
612 2640 754 2704 redditae
791 2644 868 2704 sunt
899 2635 1060 2703 'Hutteni²
1099 2641 1131 2702 et
1167 2637 1255 2701 Croti

123 2719 243 2785 literae.
290 2722 513 2803 Dequeruntur
545 2733 576 2790 et
610 2748 660 2790 me
694 2727 787 2807 quasi
822 2723 987 2807 postulant
1021 2723 1187 2788 brevitatis
1221 2723 1252 2786 in

124 2805 300 2870 scribendo.
341 2809 465 2873 Amoris
481 2811 511 2874 id
530 2816 588 2874 est.
627 2811 686 2887 Qui
710 2816 807 2885 amat,
827 2832 890 2875 uon
909 2812 970 2874 nisi
987 2809 1254 2894 locupletissimas

123 2898 296 2973 exspectat.
352 2893 419 2976 Ego
448 2918 522 2960 vero
554 2899 712 2962 laconicae
743 2897 855 2961 scribo.
902 2896 1010 2960 Placet
1040 2894 1253 2978 μακρολογεῖν.

123 2976 278 3058 Displicet
300 2981 404 3045 otiosa
428 2980 564 3048 latitudo
588 2987 621 3046 et
643 2983 734 3066 copia
757 3004 820 3046 non
844 2982 936 3046 valde
960 2983 1147 3047 necessaria.
1193 2980 1253 3057 Qui

122 3069 228 3128 mente
260 3087 323 3129 non
360 3072 522 3145 constant,
556 3070 670 3133 insana
704 3067 800 3132 verba
834 3090 872 3131 ex
904 3079 965 3131 se⁸
987 3072 1146 3151 promunt.
1192 3065 1253 3143 Qui

122 3149 217 3231 sapit,
249 3172 350 3234 pauca
371 3152 523 3235 loquitur.
569 3152 642 3218 Tria
665 3153 761 3218 verba
785 3154 803 3216 i.
829 3176 853 3216 e.
878 3175 988 3237 pauca.
1035 3151 1112 3216 Tres
1144 3158 1253 3216 tamen

121 3234 289 3318 collegium
326 3239 457 3316 iaciunt,
488 3244 525 3303 ut
555 3241 661 3320 inquit
693 3239 951 3322 jurisconsultus.
998 3238 1032 3304 Si
1055 3243 1119 3303 tres
1143 3241 1254 3322 poetae

121 3320 267 3386 sederent
302 3323 332 3385 in
368 3323 502 3406 collegio
538 3330 569 3388 et
604 3325 719 3390 Caesar
752 3324 991 3389 Maximilianus
1024 3326 1152 3401 veniret,
1190 3344 1251 3386 non

122 3415 336 3488 assurgerent.
383 3409 431 3472 lta
465 3410 526 3473 sibi
560 3412 664 3492 placet
697 3412 756 3474 hoc
791 3433 892 3492 genus
929 3409 1102 3475 hominum.
1147 3407 1253 3473 Julius

122 3489 247 3568 Caesar,
278 3494 494 3576 amplissimus
516 3502 548 3559 et
570 3497 814 3561 florentissimus
838 3497 894 3572 vir,
918 3497 950 3559 in
976 3495 1143 3577 collegium
1178 3515 1253 3577 poe·

122 3577 225 3639 tarum
250 3600 319 3643 curn
345 3581 495 3658 venisset,
520 3582 633 3645 Accius
657 3586 751 3665 poeta
775 3604 838 3646 non
862 3583 1048 3658 assurrexit,
1071 3602 1134 3646 non
1157 3580 1254 3663 maje-

122 3661 216 3724 statis
238 3663 305 3744 ejus
328 3665 502 3741 immemor,
519 3667 573 3731 sed
592 3667 676 3749 quod
693 3691 726 3731 se
743 3668 774 3731 in
793 3667 923 3731 Musicis
947 3667 1063 3731 studiis
1086 3666 1254 3749 aliquanto

121 3747 313 3826 superiorem
344 3772 413 3814 esse
444 3752 624 3815 confideret.
671 3753 754 3830 ldeo,
788 3754 828 3815 mi
861 3751 1000 3829 Urbane,
1032 3773 1140 3816 vereor
1167 3751 1253 3815 inso-

121 3830 251 3894 lentiam
277 3839 454 3916 poetarum:
480 3859 541 3901 non
567 3838 667 3901 audeo
691 3860 762 3901 curn
791 3839 921 3901 tantisb
953 3838 1090 3920 ingeniis
1124 3840 1253 3901 certare.

121 3915 217 3992 Cedo,
263 3918 392 3984 herbam
436 3921 500 3986 do.’
562 3923 634 3992 Hui.
672 3923 832 4006 quomodo
872 3923 1064 3988 insultarent
1101 3922 1188 4000 mihi,
1226 3923 1253 3986 si

121 4003 215 4066 unico
249 4004 344 4069 verbo
367 4009 565 4072 stomachum
590 4007 681 4071 illis⁰
705 4009 880 4073 moverem!
926 4009 1006 4072 Acer
1029 4013 1059 4071 et
1083 4006 1253 4072 vehemens

121 4086 245 4151 Ulricus
280 4090 441 4156 Hnttenus
472 4098 504 4155 et
535 4115 668 4175 magnus
699 4099 801 4177 poeta.
831 4095 885 4158 sed
915 4095 998 4171 talis,
1033 4098 1069 4157 ut
1091 4093 1253 4157 levissimo

121 4172 206 4236 dicto
241 4175 356 4238 irritari
391 4178 500 4260 possit.
558 4179 693 4242 Parcant
725 4179 803 4242 mihi
838 4180 901 4244 ista
935 4180 1072 4260 ingenia,
1108 4201 1141 4241 se
1176 4176 1254 4241 mihi

120 4257 308 4339 praeferant.
358 4261 458 4345 Cupio
481 4268 514 4327 et
537 4265 640 4345 patior
663 4265 747 4328 vinci
763 4266 804 4329 ab
821 4265 892 4329 illis.
938 4264 1109 4346 Nunquam
1134 4264 1253 4346 gloriae

120 4344 237 4407 studui.
283 4345 329 4408 ‘lu
354 4347 478 4411 thecam
510 4350 612 4426 mitte,
636 4358 672 4414 ut
696 4349 830 4432 cyathus
864 4350 1054 4428 includatur,
1092 4351 1160 4413 sive
1194 4348 1253 4413 tibi

188 4528 202 4555 ι
215 4529 244 4567 se
262 4530 291 4567 se
311 4514 385 4567 Trnr..
456 4517 526 4570 bhis
546 4518 620 4570 ltux.
692 4534 704 4562 e
719 4520 783 4588 ipsis
804 4519 877 4573 Tana.

192 4584 200 4613 ¹
217 4583 295 4635 Auch
314 4585 340 4635 in
359 4583 517 4654 Bouking,
535 4585 600 4655 Opp.
620 4586 694 4641 llutt.
714 4589 735 4656 1,
754 4588 796 4650 38,
815 4588 883 4642 nach
901 4588 962 4640 dom
980 4586 1156 4640 Teuzelschen
1174 4584 1255 4639 'texte

121 4651 176 4702 und
194 4650 262 4704 ohne
280 4667 410 4720 gemuere
429 4653 675 4724 Zeitbestimmung.
746 4658 756 4690 ¹
776 4656 835 4727 Vgl.
853 4655 880 4711 S.
898 4655 949 4711 226
967 4658 998 4712 A.
1017 4655 1041 4708 2.
