2774 4966
544 629 637 685 Urban
655 646 688 683 an
707 629 837 699 Petrejns.
1185 627 1247 693 265

124 821 220 875 ilfurt.
654 804 725 867 210.
1065 818 1142 886 (Non.
1163 818 1248 883 1512.)

476 915 602 986 Urban
625 935 673 985 an
696 913 897 1001 Petrejus'

125 1031 138 1089 (
140 1028 329 1081 cliananaei
348 1044 400 1080 acer
419 1028 607 1096 Verkciratunp
619 1029 664 1079 der
677 1028 816 1080 Srlrueatcr
827 1026 877 1078 mil
893 1026 1001 1079 Gerlach
1015 1042 1062 1077 arm
1071 1025 1116 1076 der
1128 1024 1250 1077 ,llarllrcu

176 1097 232 1150 rand
248 1113 301 1149 aar
318 1096 528 1151 bcnorstelrenden
545 1098 588 1151 da·
606 1097 723 1150 Brrrders
746 1095 875 1148 Heirrrr'clr
892 1095 942 1149 orit
960 1094 1032 1148 einer
1048 1093 1198 1160 Pri-radies.)

176 1195 301 1255 Patrejo
320 1195 534 1254 Aparbaecho,
552 1196 699 1257 magistro
717 1207 779 1244 non
798 1195 930 1255 vulgari,
945 1193 1105 1251 utriusque
1120 1192 1199 1251 juris

217 1267 248 1314 et
266 1264 392 1326 linguae
411 1263 644 1323 studiosissimo,
663 1265 761 1314 amico
780 1263 926 1323 primario
943 1263 984 1312 H.
1003 1261 1158 1312 Urbanus.

229 1357 344 1423 Salvus
360 1359 404 1422 sis
421 1362 453 1421 et
468 1361 631 1421 aeternum
654 1358 740 1436 felix,
756 1359 799 1421 mi
814 1357 1001 1421 suavissime
1017 1360 1113 1437 atque
1130 1356 1249 1436 optime

125 1442 241 1507 Petrei.
286 1444 358 1508 Non
390 1465 517 1525 possum
548 1445 665 1507 tacitus
695 1445 863 1528 praeterire
891 1465 1006 1507 novum
1035 1445 1109 1505 tuae
1137 1441 1249 1505 domus

126 1536 356 1594 ornamentum.
402 1528 524 1594 Tantus
546 1536 595 1594 est
617 1552 706 1595 mens
734 1552 808 1610 erga
830 1536 861 1595 te
883 1551 980 1604 amor,
1017 1532 1109 1591 tanta
1142 1527 1249 1591 obser-

128 1617 247 1679 vantia.
293 1615 427 1679 Multum
460 1616 635 1698 splendoris
670 1639 768 1699 nuper
803 1614 1014 1699 Aperbaccbis
1048 1615 1182 1678 accessit
1210 1637 1248 1676 ex

126 1701 227 1766 nobili
251 1701 492 1783 Margaritorum
517 1701 645 1778 familia,
670 1726 740 1767 cum
760 1703 875 1786 pudica
889 1706 922 1765 et
938 1701 1019 1764 bene
1035 1701 1146 1765 dotata
1161 1721 1248 1764 soror·

125 1794 181 1855 tua
203 1788 369 1871 splendido
396 1789 507 1870 juveni
535 1787 666 1853 Gerlaco
695 1790 826 1853 solemni
848 1789 912 1853 ritu
936 1788 1127 1869 denupserit.
1173 1787 1248 1850 Fuit

127 1878 250 1938 ecastor
283 1875 347 1938 tale
380 1874 594 1959 spectaculum
622 1875 655 1938 in
680 1874 875 1940 celebrandis
909 1875 1107 1954 nuptialibus
1140 1874 1248 1950 sacris,

127 1962 219 2042 quale
243 1960 387 2042 pluribus
410 1965 493 2025 retro
517 1963 610 2025 annis
633 1963 738 2027 nescio
762 1985 802 2026 an
826 1960 942 2025 viderit
974 1960 1128 2024 Erlordia.
1174 1961 1248 2024 Dixi

127 2063 193 2111 tum
218 2046 353 2111 feliciter
374 2052 406 2111 et
429 2048 586 2112 exsultavi
619 2071 693 2131 prae
727 2048 843 2130 gaudio
877 2051 1085 2130 precatusque
1119 2068 1249 2129 superos

126 2155 205 2210 snm
231 2137 268 2197 ut
289 2134 472 2216 conjugium
495 2134 572 2198 illud
596 2137 691 2198 etiam
715 2136 799 2200 natis
816 2159 854 2198 ex
872 2155 908 2197 eo
924 2132 1060 2197 liliorum
1081 2133 1249 2216 nepotibus

126 2220 314 2284 inviolatum
349 2220 552 2302 faustumque
585 2227 755 2286 servarent.
802 2222 844 2284 At
877 2241 981 2284 sorore
1013 2221 1110 2302 probe
1144 2221 1248 2283 locata

125 2304 236 2370 irater²
274 2328 399 2390 quoque
436 2312 525 2389 pater
562 2308 629 2371 fieri
666 2313 697 2372 et
733 2308 908 2389 legitimam
947 2304 1062 2369 habere
1099 2305 1249 2370 Venerem

126 2392 259 2476 optavit.
306 2392 345 2455 Et
367 2394 503 2475 contigit
525 2393 651 2458 Juuone
674 2396 819 2476 propitia.
864 2392 945 2457 Nam
962 2393 1115 2475 proximis
1138 2393 1249 2457 diebus

128 2479 347 2561 virgunculam
371 2480 463 2544 claris
480 2481 649 2559 natalibus
674 2481 794 2545 sanctis
811 2485 843 2544 et
859 2479 1043 2562 compositis
1065 2477 1215 2557 moribus,
1233 2502 1249 2543 e

129 2565 305 2629 clarissima
327 2570 421 2648 gente
444 2566 667 2631 paradisorum
702 2568 763 2632 sibi
798 2568 986 2650 desponsam
1020 2587 1077 2629 suo
1109 2570 1250 2648 tempore

129 2654 257 2717 domum
295 2652 397 2716 ducet.
457 2651 510 2717 Sic
547 2654 714 2736 multiplici
759 2653 872 2738 copula
916 2653 1097 2716 Herebordo
1142 2658 1250 2717 nostro

128 2738 321 2819 astringeris.
367 2737 463 2803 Soror
483 2740 544 2804 tibi
560 2740 747 2822 Margaritos
770 2746 802 2804 et
826 2739 999 2804 honoribus
1016 2744 1047 2802 et
1062 2761 1250 2822 proavorum

126 2829 298 2889 stemmate
320 2826 472 2908 insignes,
496 2826 591 2889 irater
614 2827 769 2892 Henricus
791 2831 965 2891 maternam
991 2825 1162 2891 Herebordi
1179 2848 1251 2909 pro·

129 2911 249 2995 sapiam
284 2913 461 2976 arctissima
494 2913 643 2977 conciliat
680 2914 845 2977 affinitate.
901 2912 1046 2976 Salvebis
1080 2913 1177 2995 igitur
1209 2912 1250 2976 ab

128 2996 222 3060 affine
262 2997 456 3073 flambardo,
496 2999 586 3081 cnjus
624 3000 741 3064 inclitis
778 2999 927 3064 laudibus
965 3000 1095 3064 cottidie
1131 2999 1281 3082 aliquid,

129 3083 260 3148 accedit.
301 3084 397 3148 Juvat
420 3085 503 3148 enim
528 3090 683 3169 oruatque
703 3087 901 3168 juventutem
927 3085 1087 3168 eleganter
1110 3086 1250 3150 docendo

129 3175 319 3253 tantumque
352 3172 437 3235 valet
470 3172 553 3254 apud
591 3173 750 3237 auditores
784 3173 974 3236 auctoritate
1007 3177 1039 3236 et
1072 3173 1185 3253 gratia,
1215 3177 1253 3236 ut

130 3256 202 3320 inde
225 3256 357 3338 gloriam
380 3259 408 3321 si
432 3280 494 3321 non
518 3259 728 3323 immortalem
751 3260 795 3338 (id
818 3260 950 3323 arduum
976 3259 1093 3331 nimisl,
1118 3263 1251 3323 atcerte

130 3364 276 3425 maguam
301 3346 333 3406 et
356 3365 418 3407 non
442 3345 543 3408 solum
578 3347 723 3425 angustis
758 3347 877 3427 patriae
909 3345 1052 3408 terminis
1086 3345 1251 3419 inclusam,

130 3429 303 3493 sedetiam
331 3430 424 3512 longe
455 3430 580 3512 lateque
614 3438 782 3513 vagantem
806 3433 848 3496 sit
870 3430 1051 3513 adepturus.
1097 3433 1174 3512 Ego,
1209 3432 1252 3495 mi

130 3513 244 3592 Petrei,
278 3515 428 3596 reliquias
463 3518 626 3597 Arpinatis
660 3524 838 3582 contractas
861 3519 893 3581 in
918 3515 1046 3594 Gallia?
1078 3540 1157 3599 quas
1190 3518 1252 3582 buc

131 3601 257 3677 misisti,
281 3602 352 3665 dedi
376 3602 416 3667 ad
440 3602 617 3666 Matianum
653 3610 806 3668 nostrum.
851 3604 881 3666 Is
904 3609 977 3686 post
998 3602 1072 3667 Jani
1096 3603 1252 3668 Calendas

132 3687 288 3751 consulari
322 3689 388 3752 viro
423 3689 543 3752 Jodoco
578 3689 751 3771 Brengbiro
787 3688 950 3754 Gotbano⁴
980 3691 1114 3772 pretium
1148 3691 1187 3753 ad
1222 3695 1252 3754 te

131 3773 215 3837 bona
249 3774 310 3837 lide
341 3775 430 3839 dabit
453 3780 485 3838 et
508 3775 641 3839 fortasse
675 3777 838 3859 negotium
873 3777 1073 3839 emendorum
1108 3777 1251 3840 codicum

132 3860 345 3941 procurationi
381 3865 455 3924 tuae
493 3861 693 3944 delegaverit.
754 3863 835 3926 Cura
869 3866 906 3926 ut
940 3862 1027 3938 bene,
1063 3863 1105 3924 mi
1138 3863 1252 3940 Petrei,

131 3947 236 4010 valeas
260 3952 291 4010 et
314 3969 363 4009 me
385 3948 506 4011 doctori
538 3947 781 4032 Christopboro⁶
812 3954 853 4025 et,
878 3949 904 4011 si
928 3949 1039 4030 placet,
1074 3947 1252 4013 Mutianum

133 4033 326 4096 commenda.
372 4033 419 4095 Ex
444 4033 596 4097 Erfordia.

283 4116 344 4168 corr.
363 4116 428 4168 Frui
448 4117 505 4169 239.

200 4239 208 4268 ¹
230 4227 303 4289 Uber
320 4237 369 4288 den
388 4235 523 4303 Icipzigcr·
551 4236 704 4288 Aufenthnlt
722 4237 767 4288 dos
786 4236 904 4304 l'clrnjus
930 4237 980 4305 vgl.
1000 4239 1050 4290 den
1068 4253 1121 4291 vor.
1140 4236 1183 4288 ΒΓ.

131 4305 249 4359 'Heium
278 4304 421 4365 Eberbacb,
449 4305 494 4356 der·
521 4306 577 4356 sicli
603 4305 651 4356 rnit
669 4305 740 4357 cinor·
756 4305 900 4359 Erlurterin
918 4322 965 4359 aus
983 4307 1029 4358 dor·
1046 4306 1154 4358 Familia
1173 4305 1253 4358 Para-

133 4375 190 4427 dies
218 4373 319 4426 verlobt
345 4375 424 4426 hatte.
461 4373 495 4426 So
514 4375 603 4426 vuido
630 4374 672 4425 dio
700 4375 925 4428 Vcrwandtsclratt
951 4376 997 4427 der
1024 4375 1173 4428 Eborbachs
1200 4375 1253 4429 und

134 4441 466 4495 vonderldartbeneino
486 4442 751 4510 doppeltc.daaucl1
777 4443 910 4498 Hcrbords
935 4443 1032 4496 liutter
1059 4461 1116 4497 orno
1142 4443 1254 4513 geborno

132 4511 259 4566 Paradies
284 4527 343 4566 war.
380 4511 438 4580 Vgl.
458 4511 590 4577 arouse,
610 4512 637 4565 Ε.
657 4512 757 4564 ilessus
775 4512 795 4567 l.
814 4513 847 4565 65
866 4514 917 4581 (wo
939 4514 986 4565 dor
1009 4513 1093 4566 Nemo
1120 4513 1253 4566 Elisabeth

130 4597 182 4636 von
199 4580 417 4650 Paradiesgarteu
443 4596 563 4650 ungenau
588 4584 651 4634 statt
673 4576 807 4635 Elisabeth
825 4581 949 4635 Paradies
967 4597 1032 4651 ange
1050 4583 1115 4636 eben
1132 4583 1186 4651 ist).

130 4649 209 4704 'Die
226 4649 332 4704 Pariser
353 4652 433 4720 Ausg.
459 4651 505 4704 des
523 4649 620 4714 Cicero,
644 4650 686 4704 bei
710 4653 817 4707 tacens.
842 4652 916 4705 1511.
951 4650 976 4704 V
1007 4600 1061 4707 b.
1078 4651 1131 4707 ‘zm
1151 4652 1229 4706 Μ).

132 4717 220 4791 ⁴ng
239 4718 265 4774 S.
283 4718 334 4777 222
351 4721 383 4774 A.
400 4721 425 4777 4.
498 4718 667 4795 ⁵Ch1'istoph
684 4719 797 4778 Sonleld.
831 4720 895 4793 Vgl.
912 4737 972 4780 vor.
1010 4738 1039 4777 r.
