2774 4966
371 17 1307 309 Ε-

130 631 192 696 134
506 624 594 679 Brlale
611 639 664 679 ron
683 622 861 705 rma-raon.

128 824 227 887 penes
250 822 299 864 me
315 802 401 871 sunt,
424 796 509 880 quod
526 796 631 860 forsan
648 792 798 876 ignorat.¹
847 793 1017 877 Utcunque
1032 796 1085 871 sir,
1101 795 1261 863 Martinus

129 889 232 953 utitur
254 906 312 949 suo
326 884 395 965 jure
411 889 444 946 et
459 883 550 964 quasi
573 880 652 945 mibi
668 885 844 953 succenset,
867 882 952 962 quod
972 883 1054 946 votis
1069 888 1136 945 tarn
1151 882 1260 947 arrsrbi

129 978 162 1038 et
177 971 370 1051 negligentis
392 968 564 1032 adversarii
587 966 761 1029 adnuerim.
794 966 934 1029 Remitte
950 968 1067 1031 literas.
1100 967 1259 1033 Damnum

129 1059 156 1122 si
172 1057 334 1121 ferendum
359 1061 417 1126 est,
440 1075 477 1115 eo
501 1075 550 1115 me
566 1051 765 1125 consolabor,
788 1052 872 1132 quod
897 1061 1023 1117 tuorum
1041 1053 1173 1130 nemini,
1196 1054 1259 1119 imo

130 1141 311 1207 mortalium
330 1140 405 1202 nulli
423 1139 536 1202 faciam
553 1144 610 1200 aut
629 1137 688 1200 feci
705 1136 863 1218 injuriam,
889 1137 1011 1202 laturus
1026 1138 1261 1219 aequanimiter

129 1228 282 1292 fraudem.
306 1225 366 1288 nisi
391 1225 532 1305 patronis
555 1223 634 1286 meis
656 1222 748 1285 aliter
771 1223 872 1285 visum
897 1222 1000 1287 luerit.
1040 1224 1204 1300 Quantum
1226 1222 1259 1288 in

132 1318 260 1386 maest,
285 1310 468 1373 demerebor
498 1315 625 1389 gentem
656 1312 743 1370 tuam
772 1307 937 1389 obsequio,
964 1314 997 1372 te
1020 1308 1184 1372 beneficiis
1207 1308 1261 1373 de·

132 1398 279 1471 vinciam,
303 1401 430 1458 nostros
453 1392 625 1455 familiares
648 1391 805 1474 praesidio
829 1397 860 1454 et
883 1397 1070 1457 ornamento
1092 1392 1262 1459 mediocris

131 1482 293 1546 doctrinas
308 1478 486 1542 conciliabo
502 1483 534 1540 et
550 1482 760 1551 constantem,
777 1476 899 1540 facilem
918 1484 1024 1541 tamen
1040 1482 1073 1541 et
1081 1478 1261 1558 jucundum

131 1566 309 1649 praestabo.
339 1563 422 1627 Vale.
458 1564 504 1625 Ad
522 1562 643 1626 Hilario
658 1562 813 1638 Romana,
835 1568 908 1645 post
924 1563 1093 1627 ululabiles
1108 1563 1263 1628 eccleciae

131 1653 278 1735 planctus
301 1650 377 1713 bora
400 1648 452 1711 XI.

284 1750 346 1804 Con.
363 1747 430 1801 bins.
451 1747 508 1801 138.

130 1955 246 2024 (Gotho.)
651 1937 722 1998 111.
1048 1951 1155 2021 (Ostern
1175 1950 1263 2023 1509.)

505 2060 653 2130 Mutian
672 2082 722 2131 an
745 2060 884 2131 Urban.

132 2194 166 2257 (S
182 2191 271 2245 utalia
290 2193 360 2270 tlcpt
380 2189 528 2242 liberarior
552 2191 669 2257 Stellunp
692 2190 733 2241 ber?
749 2189 823 2255 Hose.
861 2190 913 2241 Iob
932 2207 982 2242 corr
1006 2190 1111 2243 Urbcrrs
1130 2190 1263 2257 Bre‘efstr‘l.

131 2261 241 2314 lucian
257 2262 308 2313 roll
325 2260 382 2311 rlrrrr
398 2259 442 2310 ‹lr'c
466 2258 632 2325 lero-auram
648 2259 692 2311 cles
714 2257 914 2325 Georycnlhalcr
932 2258 1013 2324 Hcses
1030 2259 1061 2312 in
1079 2258 1121 2312 ur
1131 2264 1179 2312 art
1197 2276 1264 2313 uers-

171 2330 277 2382 rrs'rlan.
313 2328 449 2380 thauelrl
466 2327 511 2378 der
531 2327 731 2394 Georgcntlruler
746 2320 861 2379 Monate.
889 2327 1092 2395 Auffordenmg
1148 2327 1232 2382 ‘uem

364 2395 562 2448 Kretcrrar'aclren
580 2395 677 2448 lucrer
698 2395 851 2448 Grr'ertrhch
868 2412 905 2447 su
922 2396 1029 2461 bruas)

503 2509 544 2558 Η.
563 2507 691 2559 Urbano
708 2509 753 2559 M.
770 2507 883 2559 Rufus.

234 2619 266 2683 S.
313 2619 421 2700 Relegi
447 2619 554 2681 literas
570 2626 654 2696 tuas,
678 2619 805 2683 Urbane
821 2620 992 2695 carissime,
1018 2621 1127 2702 plenas
1143 2621 1264 2685 amoris

131 2727 205 2786 erga
229 2728 279 2767 me
301 2706 357 2768 tui.
404 2704 500 2767 Video
524 2710 722 2768 molentum
747 2706 946 2787 respondisse
969 2707 1009 2769 ad
1033 2726 1132 2769 unum
1163 2711 1264 2790 caput

132 2790 170 2853 de
193 2789 350 2873 Spalatini
374 2791 540 2872 palaestra.
587 2790 703 2853 Vellem
728 2812 792 2853 uon
815 2791 861 2853 ita
884 2791 1041 2873 desiperet
1073 2791 1169 2855 homo
1192 2792 1264 2857 lite·

132 2880 231 2952 ratus,
255 2876 467 2939 amicissimus
490 2881 521 2939 et
545 2876 677 2958 integer.
723 2874 835 2939 Trahit
857 2875 897 2939 ad
922 2900 955 2940 se
978 2881 1091 2960 sponte
1115 2898 1264 2959 angores,

132 2966 285 3042 tanquam
309 2961 408 3024 nubes
432 2962 554 3023 caecias
568 2958 613 3037 ⁸²,
639 2982 701 3024 non
719 2961 822 3041 magis
845 2984 877 3024 se
893 2983 1034 3026 moerore
1050 2963 1264 3041 confundens,

134 3069 228 3128 quam
260 3068 318 3110 nos
350 3052 577 3109 consectaneus
612 3047 812 3129 aegritudine
845 3049 1049 3111 contristans.
1100 3048 1171 3112 Dici
1199 3070 1265 3113 nou

133 3138 249 3215 potest,
280 3137 477 3213 quantopere
507 3153 564 3195 nos
595 3132 783 3196 delectarint
813 3131 887 3195 illae
912 3136 987 3197 tuae
1009 3134 1129 3199 literae.
1175 3132 1265 3199 Nihil

133 3218 286 3300 ineptum,
311 3216 390 3281 nihil
414 3217 496 3280 infra
526 3216 602 3280 nihil
628 3239 724 3300 supra
750 3217 879 3281 modum
912 3220 1060 3283 exarasti.
1105 3218 1266 3284 Absoluta

133 3310 209 3366 sunt
231 3304 349 3366 omnia.
395 3303 488 3366 Nuda
512 3304 629 3365 veritas
657 3310 778 3366 remota
809 3309 896 3366 veste
918 3304 1146 3370 blanditiarum
1177 3326 1267 3370 ama·

132 3388 227 3452 bilem
256 3389 305 3452 sui
338 3390 470 3452 formam
504 3387 643 3451 exbibet.
690 3388 744 3451 Sic
774 3389 906 3452 investis
936 3390 1124 3472 virguncula
1153 3391 1266 3455 florem

133 3475 248 3537 aetatis
272 3480 369 3538 exuta
387 3474 496 3537 tunica
519 3474 728 3555 spectandum
753 3473 892 3555 praebet.
939 3476 1030 3553 Quod
1046 3475 1265 3558 spectaculum

133 3560 310 3623 inflammat
332 3560 531 3642 penitissima
554 3559 737 3640 praecordia
766 3559 860 3641 longe
883 3561 1009 3642 quidern
1034 3560 1267 3639 vehementius,

133 3666 227 3725 quarn
245 3646 270 3707 si
288 3650 319 3707 te
336 3646 442 3708 lunata
454 3645 528 3707 Lais
545 3644 714 3708 matronali
731 3643 814 3708 stola
829 3646 1013 3727 mundoque
1024 3646 1112 3711 culta
1122 3651 1268 3729 praeter·

134 3730 200 3793 iret.
250 3728 371 3793 Etenim
396 3732 428 3792 in
453 3731 522 3813 ipsa
544 3728 642 3792 Laide
666 3729 779 3808 (bonor
795 3730 837 3793 sit
854 3730 997 3813 auribus)
1020 3731 1081 3796 loci
1105 3730 1265 3814 pruriunt,

132 3815 262 3878 sordent
285 3816 363 3885 alae,
395 3836 519 3878 cunnus
549 3815 613 3878 olet
642 3821 801 3879 nauteam.
846 3816 880 3879 In
913 3817 1045 3900 puellari
1075 3818 1265 3899 corpusculo

131 3898 211 3963 nibil
235 3907 293 3972 est,
318 3901 364 3963 rel
389 3900 473 3980 quod
497 3900 667 3963 delicatum
691 3900 841 3963 offendat.
886 3901 1032 3966 Jucundc
1054 3906 1266 3967 numerantur

132 3984 315 4048 Catulliana
338 3985 435 4047 basin.
481 3984 700 4049 inhaerentem
725 3986 901 4050 cervicibus
932 3988 1083 4051 intactam
1108 3988 1263 4053 amasiam

132 4070 270 4133 libenter·
293 4074 422 4139 tractas,
447 4074 591 4132 amenter
614 4071 841 4153 complecleria
866 4073 1048 4136 avidissime
1067 4074 1263 4157 comprimia;

198 4236 212 4262 ⁵
227 4221 315 4273 centias.

201 4289 313 4342 ¹Ilieecr
331 4288 474 4356 Woinberg
491 4288 607 4341 Mutinns
627 4287 669 4355 lag
687 4288 712 4339 in
732 4288 820 4341 Erfurt
838 4292 891 4342 und
910 4289 1013 4343 schciut
1030 4290 1080 4343 wie
1099 4291 1148 4345 das
1165 4292 1264 4415 (1013

131 4355 206 4407 llaus
225 4374 258 4409 zu
277 4359 323 4409 der
334 4356 600 4409 Ilintcrlussensrhult
621 4357 667 4406 des
686 4356 800 4409 illudere
817 4359 910 4426 gelriirt
928 4376 962 4411 zu
980 4358 1073 4419 haben,
1094 4360 1179 4413 daher
1195 4376 1213 4413 a

129 4425 176 4475 der
193 4424 282 4477 Bosita
300 4425 339 4478 als
359 4424 511 4492 goistliclres
529 4425 618 4477 Lelren
645 4425 814 4491 angelochton
840 4428 944 4479 werdon
965 4427 1068 4480 kunnte.
1106 4428 1169 4497 ugr.
1186 4426 1213 4483 R
1231 4426 1263 4481 2?

128 4494 159 4543 A.
172 4494 195 4545 l.
230 4493 270 4545 lrn
282 4494 306 4547 J.
320 4495 385 4546 1515
404 4492 539 4544 vcrlruulle
557 4493 604 4543 ibn
614 4492 717 4544 blutian
736 4510 768 4544 an
787 4495 833 4547 das
844 4494 1104 4549 Kurtbiluscrkloster
1120 4496 1150 4549 iu
1166 4495 1263 4551 Erunt

130 4560 230 4613 ²›u'ie
249 4562 296 4613 der
314 4562 429 4614 Nordost
454 4561 496 4613 dio
515 4560 650 4615 Wolkcn«.
681 4561 705 4612 d.
725 4561 750 4612 h.
769 4579 798 4615 er
816 4564 971 4617 verursacht
994 4563 1055 4619 sich
1082 4564 1168 4619 durch
1188 4564 1264 4635 οὶμο

126 4625 227 4683 Schmd
244 4629 409 4701 Ungsmach.
428 4629 546 4701 Adagien
565 4629 612 4685 des
630 4628 765 4684 Erasmus.
