2774 4966
576 38 581 51 Ι

575 60 579 73 Ι

418 21 1380 297 -

157 633 221 703 416
569 628 657 692 Brlete
674 635 721 691 des
738 636 762 691 J.
783 633 856 693 1514.

162 808 215 862 Der
232 808 382 863 Hurmoter
400 809 508 864 liertiae
525 811 624 864 malt
641 809 787 943 wele
804 810 881 864 aaut
897 809 953 877 Zuq
970 824 1021 861 von
1037 804 1082 861 der
1097 804 1221 879 Klrapbes't
1231 808 1278 863 der

229 993 457 1044 Humanissimo
476 998 507 1045 et
524 995 723 1056 integerrimo
740 995 824 1055 petri
841 995 882 1045 Η.
899 995 1028 1046 Urbano
1051 995 1209 1057 magistro,

261 1092 425 1130 oeconomo
443 1081 518 1131 mihi
536 1080 729 1131 observando
746 1080 885 1131 Adamas
902 1081 1033 1132 Publius
1049 1080 1173 1132 vitalis.
1195 1129 1200 1139 ,

265 1190 296 1254 S.
345 1192 390 1254 VI.
416 1192 522 1255 Nonas
545 1191 646 1274 lllajas
670 1194 847 1275 appellatus
881 1215 948 1256 sum
984 1193 1116 1257 Publius
1139 1191 1276 1257 viralis!

163 1275 295 1341 Gratum
319 1278 349 1340 id
378 1278 546 1341 admodum
582 1279 667 1356 mihi,
703 1281 883 1360 praesertim
920 1278 994 1343 hero
1029 1279 1192 1361 probante,
1223 1281 1279 1362 qui

162 1369 315 1445 quantum
340 1365 467 1445 ingenio
490 1369 522 1428 et
541 1365 659 1446 judicio
683 1372 830 1446 praestet,
854 1371 887 1428 tn
905 1388 967 1429 non
985 1366 1120 1447 ignoras
1158 1364 1279 1448 Propo·

162 1450 227 1513 suit
260 1449 506 1513 innumerabiles
543 1451 672 1514 Publios
712 1453 821 1532 priscis
858 1451 1052 1534 temporibus
1086 1450 1213 1515 habitos
1245 1453 1278 1515 in

162 1557 278 1616 magno
301 1536 411 1618 pretio.
456 1536 535 1600 Nam
559 1543 595 1600 ut
619 1536 763 1600 Publium
788 1537 945 1611 Ovidium,
969 1537 1003 1600 P.
1028 1536 1219 1614 Terentium,
1242 1537 1277 1601 P.

162 1620 342 1703 Vergilium,
367 1621 399 1685 P.
425 1621 563 1686 Statium
588 1627 698 1704 poetas
721 1629 962 1706 praetereamus,
986 1623 1084 1704 quid?
1116 1643 1220 1686 nonne
1243 1623 1277 1687 P.

166 1705 263 1789 Syrus
277 1719 291 1746 ¹²
314 1707 563 1792 mimographus²
587 1709 741 1791 insignem
766 1710 890 1772 laudem
915 1711 1027 1773 meruit
1050 1711 1081 1772 in
1105 1708 1280 1773 scribendis

165 1794 290 1857 mimis?
333 1792 380 1856 Ex
404 1794 520 1875 quibus
544 1795 674 1858 dicteria
696 1795 849 1877 quaedam
873 1797 911 1859 ad
936 1817 1055 1859 morum
1091 1794 1279 1877 probitatem

164 1878 204 1943 ab
224 1880 365 1961 antiquis
388 1880 594 1962 scriptoribus
612 1881 758 1962 decerpta
773 1882 876 1945 adhuc
892 1887 1030 1958 exstant,
1047 1881 1143 1961 digna
1159 1880 1281 1945 medius

164 1965 267 2044 fidius,
302 1987 382 2047 qnae
413 1966 452 2029 ab
485 1967 632 2031 omnibus
665 1967 782 2049 ubique
815 1968 953 2031 locorum
989 1967 1147 2048 legantur:
1183 1967 1280 2047 „Tam

164 2052 253 2115 deest
285 2074 389 2127 avaro,
424 2054 507 2135 quod
540 2052 647 2129 habet,
675 2076 769 2135 quam
799 2055 883 2136 quod
915 2076 975 2117 non
1007 2053 1111 2117 habet.
1158 2051 1282 2117 Desunt

165 2138 307 2201 luxuriae
330 2139 440 2215 multa,
471 2140 620 2202 avaritiae
651 2141 765 2203 omnia.
811 2139 927 2203 Ovita
950 2141 1062 2203 misero
1086 2140 1190 2221 longa,
1213 2139 1282 2203 leli-

165 2225 255 2288 cibus
279 2223 393 2287 brevis!
439 2225 515 2288 Pars
538 2226 680 2289 beneticii
705 2233 761 2300 est,
784 2226 867 2306 quod
892 2227 1018 2307 petitur,
1035 2227 1060 2288 si
1079 2225 1159 2288 belle
1174 2247 1281 2306 neges.

166 2311 356 2374 Beneficium
380 2311 484 2374 (larido
519 2313 648 2394 accepit,
677 2314 730 2394 qui
755 2314 849 2393 digno
879 2313 973 2375 dedit.
1020 2310 1077 2374 Cui
1109 2310 1179 2392 plus
1208 2311 1283 2376 licet

167 2419 260 2479 quam
285 2419 340 2478 par
373 2404 430 2474 est,
460 2399 529 2478 plus
559 2399 626 2461 vult
658 2419 752 2479 quam
785 2398 865 2462 licet.
919 2399 1063 2461 Alienum
1098 2404 1147 2462 est
1178 2419 1282 2476 omne,

167 2484 316 2565 quicquid
340 2485 479 2565 optando
504 2485 597 2547 venit.
638 2483 742 2561 Feras,
768 2507 829 2547 non
854 2485 969 2566 culpes,
994 2484 1077 2565 quod
1102 2485 1194 2548 vitari
1218 2505 1281 2548 non

167 2575 281 2653 potest.
327 2569 425 2633 Furor
449 2570 486 2632 lit
507 2570 591 2633 laesa
614 2571 740 2652 saepius
763 2572 927 2653 patientia.
973 2570 1090 2633 Malum
1115 2570 1282 2634 consilium

167 2661 225 2734 est,
262 2656 347 2736 quod
380 2657 472 2720 vitari
505 2677 568 2720 non
602 2662 714 2738 potest.
771 2657 909 2720 Nimium
947 2656 1128 2720 altercando
1165 2657 1284 2720 veritas

167 2743 335 2806 amittitur.
373 2742 542 2824 Nunquam
564 2744 734 2824 periculum
751 2745 819 2807 sine
835 2741 971 2825 periculo
986 2742 1132 2807 vincitur.
1171 2741 1285 2807 Comes

168 2829 323 2892 facundus
346 2829 376 2891 in
401 2830 452 2892 via
468 2852 523 2911 pro
540 2829 683 2893 vehiculo
700 2833 756 2894 est.
801 2829 930 2893 Heredis
953 2831 1045 2892 fletus
1067 2829 1126 2892 sub
1150 2849 1285 2910 persona

167 2915 250 2978 risus
273 2920 329 2979 est.
375 2915 424 2979 lta
446 2916 580 2979 amicum
605 2915 732 2991 habeas
756 2937 847 2997 posse
870 2919 906 2979 ut
929 2914 1013 2979 hunc
1035 2915 1101 2978 fieri
1119 2916 1283 2979 inimicum

168 3006 269 3084 putes.
314 3001 458 3084 Improbe
488 3001 670 3084 Neptunum
702 3008 840 3077 accusat,
868 3002 921 3084 qui
946 3002 1058 3064 iterum
1083 3002 1284 3083 naufragium

170 3088 254 3151 facit.
300 3087 440 3151 Veterem
466 3088 592 3151 ferendo
616 3089 760 3169 injuriam
783 3089 898 3152 inritas
915 3088 1057 3151 noram.“
1098 3089 1181 3151 Haec
1198 3093 1284 3160 sunt,

170 3195 250 3255 quae
273 3198 311 3236 ex
340 3175 502 3237 Publianis
525 3175 628 3237 mimis
651 3174 690 3237 ad
715 3196 771 3238 nos
793 3180 1011 3257 pervenerunt.
1057 3174 1124 3249 Quo
1141 3174 1192 3237 die
1207 3173 1285 3237 haec

169 3261 373 3335 annotabam,
397 3262 536 3323 narrarit
558 3260 650 3323 uobis
681 3261 917 3343 paterfamilias,
941 3266 977 3323 ut
999 3259 1079 3324 solet
1101 3261 1140 3323 ad
1164 3282 1285 3337 cenam,

170 3347 208 3409 de
231 3367 392 3410 corvorum
426 3346 638 3426 intelligentia
666 3347 839 3411 mirabilem
869 3347 1031 3410 historiam
1055 3368 1074 3410 a
1096 3346 1198 3410 Plinio
1221 3349 1287 3410 tra-

171 3434 268 3497 ditam
293 3433 312 3497 l.
335 3433 372 3495 X.
397 3455 443 3515 cp.
468 3433 585 3510 xnrn„
609 3437 714 3496 motus
737 3437 773 3496 ut
796 3434 857 3497 ista
888 3435 1041 3509 recitaret,
1073 3433 1157 3514 quod
1184 3434 1286 3497 corvi-

171 3519 274 3583 oulum
300 3519 458 3584 Vulcanus
482 3517 615 3582 Drusus³
638 3520 670 3581 iu
693 3520 786 3582 aedes
810 3524 934 3583 nostras
957 3520 1091 3583 tulisset.
1141 3518 1288 3583 Addebat

172 3607 312 3689 auspicia
335 3607 488 3687 quaedam
513 3611 544 3668 et
567 3605 643 3668 illud
666 3605 779 3669 Valerii
809 3607 954 3669 Maximi:
988 3605 1110 3686 „Marco
1142 3603 1288 3668 Ciceroni

170 3714 254 3757 mors
282 3694 449 3756 imminens
481 3693 622 3773 auspicio
651 3693 811 3774 praedicta
839 3697 895 3756 est.
941 3690 1018 3755 Cum
1051 3692 1132 3753 enim
1157 3693 1187 3754 in
1212 3692 1289 3756 villa

173 3778 325 3860 Cajetana
357 3785 449 3855 esset,
484 3800 595 3842 corvus
623 3780 654 3841 in
680 3787 848 3860 conspectu
883 3779 950 3860 ejus
984 3777 1136 3858 horologii
1171 3778 1287 3841 ferrum

172 3866 240 3929 loco
260 3872 378 3928 motum
397 3867 536 3929 excussit
552 3870 583 3928 et
599 3866 743 3946 protinus
759 3866 798 3928 ad
815 3866 917 3946 ipsum
937 3864 1072 3927 tetendit
1088 3886 1124 3926 ac
1141 3863 1288 3927 laciniam

173 3958 266 4033 togae
289 3974 325 4014 eo
349 3974 448 4032 usque
472 3954 603 4015 morsub
627 3952 738 4018 tenuit,
768 3951 865 4013 donec
889 3973 997 4013 servus
1019 3951 1056 4013 ad
1082 3951 1289 4014 occidendum

173 4061 242 4101 eum
257 4039 373 4102 milites
386 4039 508 4101 venisse
524 4037 729 4101 nuntiaret.“'
758 4038 871 4109 Habea,
887 4038 1063 4100 verterande
1079 4040 1176 4118 pater,
1193 4037 1291 4099 tritius

241 4264 347 4317 aSinis.
418 4267 431 4304 ¹>
447 4279 532 4315 nunsn
551 4280 594 4315 (riti
615 4262 712 4314 Ilcndc.

247 4338 254 4366 ¹
272 4334 328 4386 Dan
347 4334 368 4386 ⁵2.
388 4331 439 4385 blei
460 4333 519 4384 land
539 4333 580 4384 die
598 4332 804 4399 Numengclmng
821 4333 892 4387 atatt.
911 4330 958 4383 dnn
978 4329 1018 4384 ¹28.
1039 4333 1097 4399 ilpr.
1117 4329 1283 4382 derEintritt

210 4403 314 4455 ⁹Seino
332 4401 480 4455 Sententiae
499 4402 604 4453 lunden
624 4408 710 4453 Ztlerst
722 4401 930 4467 heransgcgcbcn
952 4418 974 4452 r.
994 4399 1124 4453 Erasmus.
1144 4399 1203 4451 Bas.
1216 4400 1292 4454 1502.

210 4473 302 4525 “llior
320 4488 379 4524 zum
398 4477 482 4524 cision
504 4471 569 4522 llalo
588 4475 708 4537 genennt.
727 4476 812 4537 spttter·
830 4471 901 4523 crte.
930 4469 963 4521 Er
981 4486 1034 4521 war
1052 4471 1133 4521 irenen
1152 4468 1200 4520 ne.
1221 4467 1293 4520 Pub-

174 4542 413 4597 linsinlliensten
433 4540 618 4607 tintinnalia
638 4541 661 4591 in
682 4539 766 4591 cinem
786 4538 827 4592 Br.
847 4539 933 4592 desJ.
957 4540 1019 4591 1515
1047 4539 1102 4597 (ΝΥ.
1128 4536 1188 4605 492)
1215 4536 1294 4589 beide

177 4613 249 4664 scine
268 4611 354 4664 clerici
374 4610 509 4664 domestici
528 4614 613 4663 nerrnt.
641 4608 694 4661 ner
705 4609 798 4661 zabam
811 4606 882 4660 Rullo
894 4608 960 4660 auch
982 4609 1016 4659 im
1035 4607 1092 4676 lolg.
1108 4607 1151 4660 Br.
1205 4604 1293 4659 *Val

171 4683 244 4736 blau.
263 4680 283 4737 l.
302 4681 327 4738 4.
345 4682 369 4735 5.
