2774 4966
558 588 662 643 liutian
682 608 715 644 un
735 592 836 646 Urbnn.
1222 597 1259 658 71

124 767 352 851 epitaphium·
375 791 414 830 ex
437 771 578 849 tempore
609 768 732 830 lictum:
766 766 818 847 „Si
852 767 962 847 pietas
993 767 1018 829 si
1051 772 1161 830 sancta
1185 769 1262 832 tides

125 855 313 919 conscendit
335 854 514 936 Olympum,
544 852 614 916 Non
638 858 763 936 poterat
786 852 915 934 Stygios
939 852 990 914 ille
1014 853 1120 916 subire
1144 854 1259 918 lacus.“

125 942 169 1005 llli
206 941 343 1016 Urbane,
380 941 476 1004 decus
505 940 624 1002 ordinis
658 940 758 1014 latini,
789 941 832 1001 sis
856 961 994 1014 securus,
1030 942 1261 1019 magnanimus,

128 1029 235 1106 fortis,
260 1050 332 1092 nam
359 1028 390 1090 in
414 1032 540 1109 portum
565 1025 718 1108 longioris
742 1025 825 1089 vitae
849 1026 1048 1108 perveniunt,
1079 1028 1133 1108 qui
1157 1028 1262 1091 minus

127 1120 260 1179 mortem
284 1117 443 1177 metuunt.

282 1215 345 1270 de.
367 1214 431 1269 Frui.
451 1216 493 1269 33.

126 1370 247 1439 (notha.)
670 1355 719 1418 67.
1164 1371 1261 1440 (inor.)

509 1481 653 1551 Mutlan
677 1502 725 1551 an
747 1481 886 1552 Urban.

125 1609 311 1677 (Gradsctre'st
328 1610 376 1679 fiir
392 1611 443 1662 das
462 1609 573 1662 Kloster.
611 1611 736 1679 §palatin
755 1610 811 1662 will
829 1610 941 1675 I’surrer
968 1611 1075 1674 werden,
1095 1611 1130 1663 ist
1148 1611 1209 1663 udor
1225 1629 1262 1664 au

481 1680 590 1748 euplius!
608 1680 649 1732 bei
666 1681 711 1731 der
728 1679 906 1746 Barsalium.)

347 1792 409 1842 Suo
427 1793 585 1844 carissimo
603 1806 703 1854 papae
723 1794 850 1844 Urbano
869 1794 912 1843 Μ.
930 1791 1038 1844 Rutila.

233 1903 267 1967 S.
314 1903 384 1967 Non
410 1906 526 1967 attinet
551 1906 640 1986 plura
663 1905 702 1968 ad
726 1905 952 1968 amicissimum
969 1904 1160 1967 amicissimo
1177 1905 1260 1982 dare,

124 2012 228 2073 quum
262 1991 388 2073 utrique
423 1997 499 2054 nota
531 1994 573 2053 sit
604 1991 740 2054 lllutiani
776 1992 931 2053 voluntas.
987 1989 1051 2052 Nec
1083 1997 1130 2053 est
1160 1999 1192 2054 ut
1224 1992 1261 2054 de

125 2077 327 2140 monimento
351 2077 530 2140 coenobiali
553 2082 585 2141 et
608 2079 707 2158 ipsius
744 2077 949 2157 inscriptione
983 2076 1126 2156 pluribus
1161 2100 1261 2159 agam.

125 2164 260 2226 Praeter
283 2166 366 2226 enim
384 2166 485 2226 tactos
502 2188 520 2226 a
538 2186 586 2226 me
603 2165 794 2245 rlrytlimos⁰
818 2165 863 2225 sic
879 2162 976 2243 probo
994 2164 1144 2243 pietatem
1161 2186 1261 2228 meam

125 2253 157 2313 in
196 2271 268 2313 ossa
302 2249 372 2313 luce
406 2250 635 2325 detunctorum,
671 2257 707 2313 ut
739 2272 882 2312 censeam
914 2248 1114 2312 scribendum
1150 2251 1261 2313 esse:¹¹

128 2337 264 2417 „Venite
287 2338 325 2399 ad
352 2359 400 2399 me
424 2359 544 2412 omues,
576 2339 629 2418 qui
661 2337 812 2399 laboratis
835 2342 866 2397 et
888 2335 1009 2397 onerati
1040 2337 1125 2411 estis,
1149 2343 1181 2399 et
1204 2358 1261 2417 ego

127 2446 188 2487 vos
206 2424 343 2487 reticium
359 2434 371 2462 ⁰
394 2429 426 2486 et
442 2425 547 2505 quiete
565 2423 690 2487 donabo
709 2423 901 2505 perpetua.“'
942 2420 1057 2484 Noster
1077 2422 1262 2503 Spoletinus

126 2511 297 2574 subiturus
322 2515 370 2573 est
389 2509 499 2591 jugum
526 2511 661 2592 pastoris
678 2517 741 2572 tam
761 2510 823 2572 cito
840 2531 933 2590 quam
951 2507 1110 2571 libenter.²
1153 2510 1262 2590 Neque

126 2601 214 2660 enim
241 2620 275 2660 se
299 2596 366 2659 falli
389 2608 446 2659 ant
469 2596 582 2659 falsum
606 2620 673 2659 usse
696 2596 828 2679 consilio
853 2601 959 2657 nostro
984 2597 1153 2676 praedicat.
1200 2595 1262 2659 Sed

127 2685 239 2747 haeret
263 2684 293 2746 in
319 2683 549 2765 praecursione,
573 2688 608 2746 ut
631 2688 680 2746 est
710 2683 904 2745 verecundus
928 2686 959 2744 et
983 2682 1153 2756 modestus,
1183 2683 1263 2745 indi-

127 2794 208 2834 cans
231 2793 264 2833 se
289 2770 427 2833 nondum
452 2769 608 2846 didicisse,
633 2769 716 2850 quod
739 2769 802 2850 jani
828 2773 916 2831 tenet
938 2774 994 2830 aut
1012 2768 1098 2831 lnuvi
1114 2769 1261 2850 operculo

127 2858 240 2920 discet.
288 2856 342 2919 Sic
366 2856 455 2938 probi
480 2856 597 2934 solent,
623 2857 699 2918 nilril
724 2857 784 2918 sibi
801 2860 960 2935 arrogant,
978 2855 1076 2935 partis
1093 2857 1261 2937 quaesitis·

127 2967 191 3025 que
216 2943 358 3005 scientiis
381 2943 461 3005 citra
481 2942 697 3022 jactantiams
720 2943 840 3004 modice
863 2940 1012 3022 gaudent,
1037 2964 1133 3023 quum
1151 2942 1260 3005 laetari

129 3031 234 3093 fusius
269 3030 400 3111 possint.
446 3027 499 3106 Te,
530 3029 570 3090 mi
595 3028 731 3102 Urbane,
766 3028 881 3091 trabali
917 3027 1004 3090 clavo
1039 3032 1158 3111 pectori
1193 3048 1261 3092 meo

128 3116 264 3180 affixum
289 3116 393 3178 sentio
416 3120 481 3178 tam
505 3115 715 3178 humanitatis
743 3137 836 3196 qnam
868 3113 1050 3176 meritorum
1076 3115 1106 3176 in
1132 3138 1188 3178 nos
1211 3120 1261 3177 tu-

128 3225 219 3266 orum
252 3203 382 3265 intuitu.
428 3200 502 3264 Vale
526 3207 559 3264 et
581 3203 650 3265 vive
675 3202 792 3264 vivens.
839 3200 914 3264 Post
945 3223 1053 3263 cenam
1083 3202 1164 3265 inter
1188 3223 1261 3265 con-

131 3289 358 3353 fabulationes.

291 3389 352 3442 eod.
372 3387 438 3441 ner.
456 3390 497 3441 39.

131 3545 224 3598 Gotha.
551 3588 554 3592 Α
675 3529 725 3591 68.
884 3545 907 3594 5.
927 3542 978 3595 llai
999 3545 1076 3611 (1506
1095 3544 1157 3596 oder
1178 3545 1261 3612 isui).

512 3647 656 3716 llutian
680 3668 727 3716 an
751 3645 888 3716 llrban.

272 3770 362 3831 (Bure,
383 3770 522 3837 ‘Spoletina
542 3770 644 3837 Idripmu
663 3769 836 3820 „ltmnsenlmil
855 3785 890 3819 :zu
909 3769 1121 3835 ants-clmldipm.)

218 3885 333 3946 Magno
349 3883 448 3944 judici
465 3885 648 3944 rupioonum
663 3897 677 3935 n
695 3888 727 3936 et
744 3884 840 3934 totius
858 3885 998 3945 agrariae
1017 3885 1124 3934 classis
1141 3885 1181 3935 Η.

502 3972 629 4022 Urbano
648 3984 703 4021 auo
721 3973 765 4022 Μ.
783 3970 892 4020 Rufus.

234 4083 267 4147 S.
315 4083 406 4145 Facit
430 4083 599 4164 singularis
634 4083 816 4146 humanitas
839 4088 895 4146 tua
918 4088 949 4145 ut
972 4105 1093 4146 summa
1117 4104 1190 4163 erga
1214 4105 1262 4145 rno

135 4170 368 4246 benevolentia,
391 4174 428 4231 ut
450 4170 585 4232 scribam
606 4170 644 4233 ad
669 4175 700 4232 te
723 4172 858 4251 saepius,
883 4171 976 4233 retiam
1001 4170 1027 4231 si
1051 4192 1144 4249 grave
1176 4169 1262 4232 deest

137 4275 284 4283 ——-—---

199 4321 214 4347 ὃ
230 4305 422 4373 epithaphium.
494 4309 680 4371 buxtumpoiu.
744 4306 886 4356 critlnnos.
950 4304 1068 4354 diutia
1089 4304 1135 4354 uui
1154 4305 1200 4369 fiii·
1218 4307 1260 4355 riu

132 4376 327 4442 semermes
355 4374 432 4426 ll'orl.
504 4375 650 4427 sionnam.
726 4374 910 4439 t'jartamianu
982 4375 1167 4440 srirpieoium.

203 4443 444 4511 ¹Mutth.11,2a
517 4444 772 4510 ²Spalatinci·l1ir,·lt
798 4445 874 4498 lirarli
904 4444 1096 4510 gmi‘iiliiilu·liur
1127 4443 1261 4494 Arundinis

134 4515 208 4581 lma,
228 4528 283 4566 was
301 4512 364 4565 uber·
382 4530 430 4566 aus
448 4514 509 4566 deni
527 4513 711 4565 Brieln'oclisul
731 4514 803 4563 nicht
818 4513 952 4575 laustinnnt
964 4512 1066 4567 urliullti
1081 4512 1121 4562 ilii¹
1135 4509 1260 4564 Parocliio

131 4581 346 4707 goffinkirchen,
364 4583 433 4636 ohno
451 4584 526 4636 indes
544 4583 600 4636 scin
618 4582 744 4634 Lelnanit
762 4582 787 4633 in
807 4582 979 4649 licorgontlial
1002 4582 1169 4647 aulzugouun.
1203 4575 1249 4646 Vg¹

131 4682 157 4707 ι.
224 4655 259 4707 Δ.
279 4653 303 4705 1.
