2774 4966
130 666 194 744 340
544 666 631 741 Briese
649 667 696 734 dea
712 679 737 736 J.
758 670 830 736 1513.

128 861 245 933 (moa)
650 853 721 917 277.
1002 868 1250 942 (commonerer

506 993 651 1066 Mutian
672 1016 719 1067 an
743 996 881 1069 Urban.

129 1118 194 1187 (Hal
217 1118 259 1171 bei
274 1119 330 1172 dem
350 1119 412 1173 Aere
433 1122 483 1174 clar
507 1122 654 1177 Verbler'berr
678 1124 782 1178 Urbana
803 1125 836 1178 e'n
852 1127 951 1178 crinem
968 1126 1045 1179 Ande
1065 1125 1248 1193 decerperem,

129 1188 197 1241 auct
220 1188 448 1257 Verapreclrurrpen
474 1191 522 1257 siIr
539 1192 799 1330 mindirniifddgi)
817 1195 962 1248 miseram.
999 1194 1137 1263 Spoletina
1166 1192 1251 1246 Olr'c'ck

501 1374 541 1425 Η.
559 1375 686 1426 Urbano
704 1377 746 1429 Μ.
763 1375 874 1428 Rufus.

232 1480 434 1548 Gaudeamus
461 1505 571 1549 omnes
594 1486 627 1549 in
643 1487 780 1567 domino,
804 1492 895 1569 parta
909 1485 969 1550 tibi
994 1485 1080 1548 salus
1095 1488 1152 1548 est.
1191 1481 1251 1547 Sta

130 1568 198 1633 firm
227 1565 342 1633 cabal.¹
386 1570 555 1652 impetravi
583 1572 643 1635 tibi
672 1573 893 1654 magistratum
925 1578 957 1635 et
990 1571 1133 1653 gratiam.
1176 1568 1249 1633 Non

133 1676 213 1739 opus
234 1660 284 1719 est
305 1676 375 1718 mea
396 1660 536 1738 repetere
559 1657 651 1721 diota.
688 1658 796 1729 Effeci,
820 1659 905 1740 quod
930 1656 1067 1722 volabas.
1101 1654 1250 1732 Exorari,

133 1741 217 1824 quod
241 1740 385 1823 optabas.
431 1742 472 1805 Es
500 1763 690 1807 oeconomus
717 1752 748 1807 et
777 1744 929 1808 manebis.
974 1743 1027 1806 Vis
1058 1740 1251 1817 coronidem,

130 1828 178 1890 vis
199 1826 397 1890 auctarium?
440 1827 539 1892 Dabo.
583 1828 654 1893 Non
678 1831 779 1893 scium
807 1837 837 1892 te
859 1831 964 1893 firmat
991 1830 1023 1891 in
1048 1827 1162 1903 officio,
1193 1828 1250 1890 sed

131 1914 224 1976 etiam
256 1913 382 1994 roganti
411 1914 497 1983 mihi.
532 1921 567 1976 ut
588 1915 648 1978 tibi
671 1916 788 1980 diceret
818 1938 850 1977 ee.
873 1916 956 1979 votis
987 1915 1065 1977 meis
1087 1913 1251 1985 annuisse,

130 1999 308 2081 respondit:
339 1999 399 2068 „ds
423 2005 466 2059 rol
485 2002 516 2074 jo
539 2002 627 2062 rttn.¹‘
671 2001 750 2064 Nam
784 2007 858 2064 ante
889 2002 1030 2065 dixerat:
1064 1997 1154 2070 ..rar
1186 1997 1251 2060 tm’r

130 2085 217 2146 mitra
250 2088 294 2145 act
317 2103 343 2145 rr
374 2086 505 2148 buben!
549 2085 607 2166 Egi
634 2091 666 2149 et
692 2088 753 2150 alie
780 2089 859 2151 satis
890 2086 1060 2152 commode.
1113 2084 1186 2147 Dixi
1217 2090 1251 2147 te

129 2167 245 2232 habere
276 2168 415 2252 diploma
452 2168 580 2234 meum.⁸
624 2170 772 2247 Subrisit‚
810 2179 840 2236 et
864 2179 912 2237 est
940 2173 1031 2255 plane
1060 2170 1161 2233 bonus
1192 2170 1249 2233 vir.

131 2253 193 2318 Sed
216 2253 399 2318 Schonatis·
422 2256 544 2319 obitum
561 2258 628 2321 vult
645 2265 836 2339 exspectare.
874 2257 1026 2322 Momordi
1047 2254 1249 2319 Bartholum‘

130 2346 162 2404 et
177 2340 264 2405 visus
287 2346 336 2405 est
351 2346 439 2423 pater
461 2343 658 2424 acquiescere
680 2344 767 2406 mibi.
814 2345 939 2408 Habeat
955 2345 1016 2407 ista
1032 2342 1133 2405 bestia
1155 2363 1248 2405 suum

129 2426 237 2491 telum.
282 2426 364 2490 Audi
398 2427 554 2492 mirabilia
581 2430 620 2493 de
651 2427 843 2510 Spalatin0.⁶
898 2430 1030 2493 Amatur
1061 2433 1098 2491 ut
1124 2427 1251 2491 filiusa

130 2511 209 2662 <tinae
230 2516 263 2576 et
284 2511 484 2661 Ddgfnham
506 2514 558 2577 rel.
604 2515 617 2579 1
640 2536 724 2578 nunc
754 2520 786 2580 et
808 2516 896 2579 dicas
928 2514 1061 2578 stultum
1085 2534 1153 2577 esse
1181 2513 1251 2576 Mu-

146 2620 261 2662 ranum.
333 2621 389 2662 aa.

283 2698 343 2754 Cod.
361 2698 426 2754 Frci.
445 2699 502 2753 327.

131 2888 245 2959 (sothe)
650 2874 737 2938 278:
1078 2885 1143 2955 (rur
1161 2885 1249 2955 1513.)

502 2999 645 3070 Mutiarr
666 3020 715 3071 an
737 2999 875 3071 Urban.

130 3127 294 3194 (Macareus,
322 3128 366 3181 eia
387 3127 521 3193 Lationer,
543 3129 658 3183 eerdtbnt
680 3129 740 3183 bein
764 3129 916 3183 Vertro-roen.
938 3131 1019 3178 nerent
1041 3124 1150 3177 Mutr'mr
1172 3124 1250 3177 circen

129 3197 309 3266 Phamopraen.
351 3196 489 3265 Werrrunp
508 3216 552 3251 ror
569 3199 618 3250 den
632 3198 864 3257 ..Toubmzeseerrrt
883 3196 931 3247 den
944 3193 1087 3247 Jacobiten.
1106 3193 1251 3246 Bartholus

146 3267 181 3319 ist
199 3266 408 3334 beaoumemripr,
426 3266 502 3318 circen
519 3284 602 3319 reerren
622 3267 757 3319 Nelerer'bor
774 3267 814 3318 ina
827 3264 1033 3317 ri'ommzelosrer
1050 3262 1230 3325 ariarectes.)

343 3381 384 3431 Η.
401 3381 529 3432 Urbano
547 3383 645 3432 amico
664 3379 844 3431 honorando
862 3380 904 3431 M.
922 3376 1033 3429 Bostra.

237 3490 319 3554 Proh
353 3491 445 3554 deum
472 3497 569 3573 atque
598 3493 759 3556 hominum
794 3490 900 3553 fidem!
954 3488 1061 3565 Qualis
1095 3487 1172 3551 haec
1199 3492 1251 3551 est

131 3576 331 3659 conjuratio?
376 3576 422 3641 Tu
445 3576 607 3642 Musardo²
631 3579 732 3641 credis
755 3583 787 3640 et
809 3598 876 3658 ego,
900 3575 954 3638 sed
978 3574 1030 3636 ilie
1053 3596 1110 3637 nos
1128 3573 1250 3655 lapides

131 3667 233 3747 putat,
256 3685 331 3728 suos
354 3686 426 3728 vero
449 3665 524 3728 deos
546 3665 707 3747 propitios.
744 3661 806 3727 Sed
822 3664 876 3745 qui
892 3666 968 3724 sunt
984 3660 1028 3723 iili
1044 3658 1118 3723 sui?
1141 3657 1250 3723 Morus

131 3755 162 3812 et
184 3747 320 3814 botius!
365 3748 417 3814 Sic
446 3771 503 3814 nos
532 3751 653 3814 incerta
683 3771 738 3832 pro
769 3749 862 3812 cartis
891 3747 1052 3809 habemus
1098 3746 1133 3807 ln
1163 3745 1251 3826 quod

131 3856 188 3899 nos
211 3836 374 3917 conjecisti
397 3836 524 3914 malum,
547 3836 674 3918 quando
697 3834 879 3898 Musardum
903 3831 1114 3915 promovisti?
1147 3830 1250 3895 Nosse

131 3920 294 3993 debueras,
327 3922 416 4004 cujus
439 3926 542 3986 sectae
573 3922 661 3986 foret.
708 3921 807 3984 Hodie
831 3920 862 3982 in
886 3918 988 3981 forum
1014 3918 1115 3980 Janus
1145 3915 1252 3979 meus'

131 4007 324 4072 descendens
348 4009 427 4072 vidit
450 4014 586 4072 stantem
618 4009 648 4070 in
673 4007 852 4069 coerrriterio
880 4005 919 4067 ed
943 4003 1020 4067 Mori
1054 4004 1147 4079 latua,
1178 4008 1254 4084 post

134 4093 165 4156 in
189 4116 320 4157 ascensu
344 4096 475 4158 eundem
502 4116 556 4173 pro
573 4094 693 4156 toribus
712 4093 803 4155 lotii.
849 4091 910 4153 lios
926 4090 1062 4153 consulit
1078 4089 1168 4167 clam,
1186 4088 1252 4151 illis

203 4301 210 4332 ¹
226 4297 520 4352 Wahrseheinlichruli
532 4313 620 4363 mogon
637 4296 680 4349 Βι·Ι
691 4296 748 4357 278,
768 4294 846 4346 werin
866 4293 899 4346 ir.
919 4292 1045 4361 sclrrpibt:
1068 4299 1106 4342 ate
1125 4288 1251 4342 inlocum

130 4369 252 4422 restitui«.
271 4367 329 4433 Vgl.
347 4367 389 4419 dio
405 4366 450 4421 ΒΓ.
468 4366 526 4420 240.
546 4366 602 4420 241.
650 4362 904 4419 *L'rrrcrstrindliclr
948 4361 1044 4414 ³Ubor
1062 4361 1104 4431 dic
1121 4357 1251 4413 Pamohio

129 4435 257 4491 Schbnau.
286 4437 343 4502 vgr.
363 4435 405 4490 Br.
425 4437 483 4489 2:39.
503 4438 560 4489 254.
580 4436 638 4489 270.
696 4437 704 4465 ⁴
720 4434 771 4485 lios
789 4432 857 4485 alteo
876 4431 982 4483 Pastore
999 4446 1049 4481 von
1068 4429 1197 4482 Sclrbnau.

130 4504 213 4574 *Vgt
232 4508 290 4561 Ans.
309 4507 355 4558 des
374 4522 426 4557 ror.
445 4505 488 4557 Br.
558 4506 642 4557 ⁶Arm
661 4504 720 4554 dem
746 4502 781 4553 im
803 4518 854 4554 ror.
874 4500 916 4553 ΒΥ.
935 4499 1084 4552 ermiihnten
1107 4495 1251 4549 Sebreibcu

130 4573 289 4642 Pfeffinpem.
344 4576 353 4607 ἵ
372 4574 471 4627 Iehrcr
488 4574 514 4625 in
533 4572 714 4641 Geor-penthei.
736 4570 761 4623 S.
782 4571 831 4623 212
849 4573 879 4623 A.
898 4571 922 4622 d.
976 4567 1079 4620 “Getta
1098 4564 1251 4620 Goistliche.

120 4641 207 4766 {938
224 4646 289 4699 ΔΑ.
359 4644 371 4676 ⁹
386 4643 470 4696 Janus
488 4642 609 4709 Urbicus,
627 4640 743 4694 Matiana
761 4639 830 4692 Puer·
848 4655 898 4691 rou
916 4638 1008 4690 ostem
1027 4634 1204 4689 lore-1514.
1222 4632 1253 4688 S.
