2774 4966
298 656 404 722 tiatira
421 681 456 721 au
475 666 579 720 cratus.
616 665 706 720 Satira
724 665 843 721 Matiana
860 666 909 722 auf
922 666 1068 724 Pantanus.
1179 668 1245 736 383

125 856 176 903 aar
215 853 310 917 auu·
354 843 420 918 brut
456 861 508 902 aaa
546 842 647 922 trinua.
692 843 759 918 111111
797 859 845 901 aaa
883 839 1000 915 basern'
1044 840 1156 917 3111111
1195 861 1247 904 aaa

123 928 272 1005 diruatur
303 932 335 991 et
365 926 396 989 id
424 946 523 1008 genus
558 925 698 991 fanatici.
744 927 917 1007 Postquam
947 948 1020 992 vero
1053 931 1181 992 renatus
1214 949 1247 992 es

122 1019 155 1077 et
190 1035 245 1096 pro
282 1008 401 1096 japeth
435 1013 560 1090 Gratus,
597 1035 653 1096 pro
689 1012 837 1090 1111111)τί11
875 1013 1041 1077 Rabienus
1078 1012 1246 1090 salutatus,

123 1100 304 1163 ceciderunt
328 1104 360 1163 et
381 1121 472 1163 aures
490 1098 677 1181 praelongae
701 1104 733 1160 et
754 1098 855 1162 cauda
877 1100 1006 1181 pensilis
1030 1102 1062 1162 et
1084 1100 1165 1182 pilus
1187 1101 1246 1164 im-

125 1206 237 1268 pexns,
262 1185 344 1269 quod
369 1185 432 1249 sibi
455 1185 608 1248 accidisse
632 1185 710 1248 dicit
734 1183 894 1266 llpulejus,
918 1207 987 1249 cum
1011 1184 1115 1248 adhuc
1137 1187 1246 1250 asinus

124 1277 218 1348 esset,
242 1281 277 1336 ut
301 1272 409 1334 lmnae
433 1271 595 1346 beneficio,
618 1293 699 1352 quae
722 1277 770 1332 est
785 1272 895 1352 regina
917 1273 1006 1349 coeli,
1030 1272 1248 1336 restitueretur

128 1357 190 1421 sibi
214 1357 243 1420 h.
268 1381 293 1421 e.
318 1357 519 1421 humanitati.
564 1359 642 1420 Cum
667 1361 772 1420 autern
795 1357 932 1421 evaseris
962 1357 1118 1440 scopulos,
1140 1381 1157 1421 e
1179 1381 1246 1441 syr-

123 1443 211 1507 tibus
244 1443 432 1520 enataveris,
466 1445 497 1506 in
530 1449 623 1526 portu
646 1444 786 1523 naviges,
819 1442 912 1508 facile
943 1444 1117 1525 cognoscis,
1151 1465 1246 1526 quam

124 1530 230 1593 miseri
252 1532 326 1605 sint,
350 1529 566 1610 qainondam
603 1528 777 1592 barbariem
811 1538 977 1607 exuerunt,
1006 1551 1091 1594 nunc
1113 1529 1193 1595 felix
1214 1535 1247 1595 et

125 1615 247 1694 beatus,
272 1617 323 1680 cui
347 1616 446 1679 bonos
468 1622 613 1678 auctores
636 1615 778 1679 evolvere
801 1617 944 1696 contigit.
991 1615 1113 1679 Dedisti
1135 1616 1175 1681 ad
1196 1638 1247 1681 me

126 1700 278 1765 Thesibio
321 1700 475 1765 Rhanidi²
519 1697 726 1774 Pontanum,⁸
764 1702 818 1781 qui
855 1723 895 1764 ex
932 1701 1040 1765 stultis
1077 1702 1247 1785 prudentes

125 1787 215 1851 facit:
232 1809 366 1869 magnus
384 1787 531 1857 medicus,
548 1788 576 1849 si
595 1786 750 1850 stultitiae
767 1787 882 1851 mederi
898 1792 1013 1870 potest,
1026 1788 1136 1852 morbo
1153 1789 1246 1870 longe

126 1873 250 1955 lateque
284 1875 431 1955 serpenti.
478 1874 538 1936 Sed
569 1874 681 1954 quanti
711 1870 782 1935 est?
805 1880 841 1937 at
864 1894 919 1955 par
948 1875 1017 1956 pari
1047 1875 1245 1956 respondeat.

125 1959 247 2023 Emissa
271 1965 302 2023 te
326 1961 404 2023 dicis
427 1960 578 2041 plurimos
613 1960 757 2040 quamvis
792 1960 942 2034 minutos,
977 1981 1057 2042 quos
1087 1960 1245 2043 perlegas3

126 2045 167 2109 ob
186 2046 216 2109 id
234 2051 435 2109 exenteratos
450 2044 579 2109 loculos.
615 2045 725 2118 Credo,
736 2045 791 2108 sed
808 2046 1076 2109 nomenclaturam
1094 2046 1246 2124 desidero,

127 2133 189 2195 imo
224 2132 342 2214 flagito,
379 2136 411 2194 et
443 2152 497 2213 per
533 2130 629 2194 Portii
663 2131 914 2195 benevolentiam
951 2131 1095 2196 obtestor
1129 2136 1161 2196 et
1193 2154 1248 2215 per

128 2224 217 2281 tuam
235 2240 309 2299 erga
324 2240 374 2281 me
390 2217 481 2281 fidem
500 2223 531 2280 te
547 2217 667 2298 adjuro,
684 2224 720 2281 ut
735 2219 833 2281 cadas
850 2218 927 2281 mihi
942 2219 1071 2282 nomina
1086 2218 1246 2283 librorum.

128 2302 242 2367 Mirum
267 2306 298 2366 in
322 2304 449 2367 modum
485 2324 566 2366 nova
599 2309 664 2366 tam
698 2302 809 2366 limata
831 2325 926 2385 quam
948 2303 1142 2386 rudialego,
1165 2311 1197 2369 et
1219 2306 1246 2368 si

126 2390 228 2470 legere
252 2411 315 2453 non
348 2390 449 2464 datur,
482 2389 586 2453 titulis
619 2389 751 2470 gaudeo.
797 2389 908 2453 Errare
943 2412 992 2453 me
1025 2394 1128 2473 putas,
1162 2390 1246 2473 quod

130 2475 183 2539 llll
206 2497 318 2539 aureos
342 2476 462 2557 scripsi.
508 2474 635 2556 Scripsi,
658 2474 769 2552 fateor,
794 2497 856 2539 non
880 2476 962 2553 dedi,
986 2476 1117 2540 daturus
1139 2481 1245 2540 tamen

126 2561 242 2644 plures,
280 2563 305 2625 si
343 2561 521 2644 placuisset.
578 2559 713 2642 Magnus
749 2567 902 2644 patronus
939 2563 1014 2626 dum
1050 2562 1102 2626 bic
1139 2561 1246 2639 esset*

129 2648 242 2711 emisse
276 2648 396 2729 Corpus
424 2648 503 2730 juris
526 2645 579 2709 Vll
601 2648 704 2711 aureis
737 2647 872 2712 dicebat.
916 2648 1096 2730 lntelligam
1128 2648 1247 2731 largius

128 2741 160 2797 et
183 2739 351 2815 utrumque
370 2734 422 2816 jus
445 2736 476 2797 in
502 2754 598 2796 unum
623 2754 735 2814 corpus
758 2734 859 2815 adegi.
905 2733 952 2798 Tu
969 2736 1061 2818 ponis
1076 2733 1120 2798 XI
1134 2755 1246 2799 aureas

126 2825 159 2883 et
183 2819 260 2883 nihil
284 2821 374 2884 addis
398 2820 435 2883 de
458 2825 592 2900 utroque
611 2820 698 2901 jure:
724 2826 759 2884 ut
783 2820 875 2901 plane
897 2823 1046 2893 nesciam,
1080 2821 1183 2903 qualis
1204 2820 1248 2885 sit

91 2926 95 2932 ’
127 2928 214 2970 merx
240 2907 368 2970 venalis.
413 2906 533 2988 ltaque,
558 2906 598 2966 mi
621 2906 807 2969 suavissime
830 2905 933 2985 Crote,
967 2909 1095 2972 uomina
1128 2927 1247 2990 quaeso

128 2992 298 3069 volumina,
334 3014 388 3074 pro
412 2993 527 3073 quibus
549 2989 593 3053 XI
615 3012 726 3055 aureos
758 2991 933 3076 bibliopola
964 2995 1116 3077 poposcit.
1162 2993 1248 3071 Quae

128 3079 235 3142 omnia
259 3079 339 3142 citra
362 3085 451 3142 tuum
474 3078 554 3140 liant
575 3078 819 3142 incommodum.
864 3079 948 3144 Vale.

282 3178 343 3232 Cod.
362 3179 427 3233 Frcf.
446 3179 503 3233 305.

128 3350 242 3420 (sotir.)
651 3337 723 3401 311.
1036 3351 1143 3421 (aerest
1162 3352 1248 3422 1513.)

370 3460 495 3533 Satira
517 3462 681 3532 Matiana
704 3461 773 3532 aut
792 3462 1009 3532 Pantanus.⁸

131 3589 239 3658 (lh'alop
266 3591 394 3645 aeacum
420 3591 528 3644 thelica
552 3592 609 3644 arrd
632 3591 777 3645 Pmrtarura.
794 3590 827 3642 r'rr
844 3591 961 3643 caelebem
986 3590 1075 3643 dassen
1100 3589 1248 3643 111111ιὶ1111-

380 3660 591 3729 plrilosoplu'solrc
607 3660 740 3728 Rirlrlunp
757 3664 891 3728 aarapottct
908 3659 993 3727 nard.)

198 3817 301 3869 *Ohan
320 3816 393 3869 Terra.
463 3815 590 3885 blhegar.

201 3887 208 3917 ¹
228 3885 311 3939 linter
328 3888 377 3938 <len
397 3886 460 3938 zwei
491 3890 577 3938 ersten
594 3883 696 3938 Numen
714 3884 771 3936 sind
781 3883 823 3936 dio
838 3881 1040 3936 Kirchculohrer
1057 3880 1206 3935 Alexander
1222 3898 1247 3937 v.

130 3952 219 4017 llalns,
247 3955 306 4007 Joh.
330 3955 404 4007 Dans
429 3954 530 4019 Scotus,
552 3960 628 4006 notor
649 3954 699 4005 den
718 3952 853 4020 folgenden
873 3951 914 4004 die
932 3950 1107 4003 Scholastikcr
1123 3949 1249 4003 Heinrich

130 4039 155 4076 r.
183 4022 327 4090 0111111113),
355 4041 404 4075 von
431 4023 530 4076 Frirnar
557 4024 609 4074 und
637 4039 687 4075 ron
713 4021 814 4074 llossen
844 4020 1038 4089 (Langoustein)
1062 4036 1095 4072 zu
1117 4019 1248 4072 veratehn.

132 4091 232 4144 Mation
250 4093 304 4146 will
322 4109 409 4160 sagon.
433 4093 522 4145 in'iher·
540 4093 606 4144 habu
624 4091 717 4144 (fratris
735 4107 766 4143 an
785 4090 835 4142 dari
856 4088 1036 4142 barbarischen
1061 4090 1176 4141 Antoren
1198 4088 1248 4141 Ge-

130 4160 253 4213 sclnuack
282 4162 418 4229 geltruden.
437 4162 498 4228 iatzt
516 4161 578 4213 abor·
596 4160 633 4213 sei
652 4176 680 4211 cr
698 4176 731 4211 nu
749 4159 834 4211 einem
861 4157 1005 4211 latinisteu
1032 4156 1247 4226 wiedergeboren.

150 4230 159 4261 '²
172 4231 182 4279 1
187 4236 335 4283 insonamus
346 4230 484 4284 l'uldanns.
506 4230 528 4280 V
529 4229 562 4297 gl.
573 4229 598 4283 S.
609 4228 734 4282 242114.
752 4227 894 4280 Violleiclrt
903 4226 1032 4278 identisah
1041 4226 1090 4277 mit
1098 4225 1131 4279 Η.
1142 4225 1249 4279 Rhanis.

149 4301 159 4329 ³
175 4298 233 4352 Joh.
245 4300 372 4352 lovianus
387 4299 526 4352 Pontnnus.
546 4298 667 4351 Gaureint
681 4298 716 4349 ist
731 4297 789 4349 hier
804 4297 862 4374 seira
879 4294 971 4374 Dialog
983 4294 1022 4347 ilc
1034 4295 1171 4415 prudentia
1182 4294 1250 4348 Ven.

132 4368 205 4421 1508.
224 4368 263 4421 lm
273 4368 409 4436 folgenden
418 4368 460 4420 Br.
469 4371 612 4436 rorapottot
621 4366 655 4421 bl.
665 4367 758 4418 dassen
768 4364 1038 4432 hordurscb-phrlosop
1058 4364 1248 4419 rechouStaud·

130 4437 219 4505 puniit.
247 4438 333 4506 Gegon
344 4438 415 4489 seina
426 4436 540 4504 Angritie
551 4438 597 4489 aul
605 4437 652 4488 das
662 4435 814 4488 blbncbtum
824 4433 940 4487 schreibt
948 4432 981 4486 hl.
993 4433 1020 4485 iu
1029 4431 1072 4485 Br.
1083 4433 1123 4487 10.
1168 4434 1179 4465 ⁴
1190 4433 1248 4486 Von

130 4505 203 4558 einer
226 4507 410 4559 Arrwcscnhcit
432 4505 591 4558 Hartnranns
616 4506 681 4557 1:313
699 4504 817 4556 eriabrcu
835 4502 883 4555 wir
899 4507 973 4555 sonst
989 4501 1083 4567 nichts,
1100 4501 1170 4555 wohl
1188 4501 1250 4554 aber

133 4576 208 4628 1515.
233 4576 289 4628 rius
299 4575 389 4628 inuam
399 4575 522 4628 Griinden
534 4574 595 4643 (vgl.
616 4573 684 4626 auch
702 4572 745 4625 die
762 4571 929 4639 Erwdhnung
945 4572 992 4623 das
1004 4570 1188 4638 Epitaphiums
1205 4571 1254 4624 aui

130 4643 264 4698 lohannes
282 4643 315 4698 ΙΙ.
333 4661 359 4696 v.
378 4643 532 4712 Henueberg
550 4643 576 4695 in
594 4642 638 4698 Br.
656 4642 704 4694 311
732 4642 786 4694 und
811 4639 907 4694 vorher
924 4639 950 4692 iu
968 4639 1030 4701 3081
1049 4639 1084 4692 ist
1105 4655 1134 4692 es
1154 4639 1250 4708 jedoch

131 4713 292 4783 unmoglich,
310 4713 360 4765 deu
378 4712 421 4769 Br.
439 4712 531 4767 sowoit
547 4709 768 4765 horabauriiclren.
838 4708 909 4764 ’lm
924 4708 1019 4765 muer
1033 4707 1269 4761 ennemase
