2774 4966
418 39 1379 259 -

415 108 417 115 r
465 98 472 117 b

160 579 224 654 548
428 659 431 663 g
586 579 674 643 llriefe
692 575 739 643 des
757 586 782 644 J.
802 581 877 644 1515.

166 760 341 840 versiculis,
365 782 445 842 quas
468 764 504 824 tu
526 760 647 840 Romae
669 760 702 824 in
726 758 857 825 castello
874 760 921 825 St.
939 758 1064 843 Angeli¹
1090 760 1183 827 dates
1199 760 1303 842 luisse

165 846 304 910 testaris.
350 845 412 910 Eas
434 846 522 929 prius
545 845 617 926 legi,
650 868 745 928 quam
780 846 923 911 cubitum
961 845 1162 924 discederem,
1198 867 1303 929 neque

165 931 281 996 cursim
320 931 434 1012 legisse
472 935 643 994 contentus
681 929 776 995 hodie
812 937 886 1014 post
923 936 1069 1013 quartam
1103 936 1299 997 cestrensem

165 1015 308 1099 vigiliam
332 1017 500 1093 attentius,
525 1021 561 1079 ut
584 1017 756 1080 amicorum
781 1017 933 1099 epistolas
955 1016 1051 1094 soleo,
1066 1016 1177 1099 relegi.
1215 1017 1302 1083 Inter

164 1101 228 1165 alia
252 1102 362 1182 magni
387 1101 508 1181 ingenii
531 1101 666 1183 pignora
689 1101 882 1182 deprehendi
898 1103 979 1166 irata
994 1101 1171 1166 etinimica
1185 1113 1200 1142 ⁸
1222 1102 1302 1167 mihi

163 1186 265 1250 luisse
282 1189 333 1268 pia
352 1188 482 1250 numina
499 1187 652 1249 ratum:b
674 1186 797 1264 lovem,
814 1186 988 1264 Phoebum,
1005 1185 1167 1266 Venerem,
1180 1187 1299 1257 Musas.

164 1270 244 1335 Nam
268 1277 305 1335 ut
327 1270 399 1350 ais,²

304 1356 467 1439 „Abstulit
489 1355 601 1419 infelix
624 1355 710 1419 illam
736 1356 798 1418 tibi
822 1354 943 1419 lalciler
965 1355 1086 1433 horam,

343 1463 406 1523 qua
432 1446 560 1524 poteras
585 1440 685 1504 Hesso
708 1446 775 1505 tem
798 1439 884 1504 ferus
907 1462 976 1504 esse
998 1446 1064 1504 tuo.

298 1525 357 1590 llla
381 1526 428 1591 sol
451 1527 557 1603 latuit,
581 1527 678 1589 latuit
701 1526 807 1590 Venus
829 1524 973 1589 aurea“⁰
997 1530 1028 1590 et
1051 1528 1164 1589 ceterar
1251 1555 1254 1561 ¹

257 1610 334 1699 ¹Ego
358 1632 442 1689 vero,
473 1611 524 1675 cui
556 1611 685 1676 deorum
708 1612 742 1674 id
764 1610 915 1689 tribuam,
946 1610 1033 1692 quod
1056 1631 1096 1674 ex
1119 1610 1300 1690 praeteritis

164 1701 197 1761 et
228 1696 453 1778 praesentibus
484 1697 591 1760 oensis
624 1697 731 1759 futura
766 1717 995 1778 nonnunquam
1027 1695 1175 1776 sagacius
1203 1716 1298 1777 quam

167 1781 330 1846 credulum
355 1781 471 1863 vulgus
495 1782 664 1864 prospicio,
688 1781 829 1844 nondum
852 1787 994 1845 statuere
1022 1801 1161 1864 possum.
1207 1779 1300 1857 Quod

165 1871 275 1930 nutem
298 1889 343 1945 es,
369 1889 451 1948 quae
474 1867 589 1942 sentio,
613 1866 652 1929 ad
676 1887 767 1930 usum
792 1867 964 1930 amicorum
995 1867 1134 1948 ingenue
1163 1865 1299 1948 profero,

166 1952 275 2016 videor
301 1951 437 2015 fortasse
459 1952 519 2015 tibi
544 1952 800 2032 intempestivam
832 1953 995 2033 anagyrim
1027 1971 1161 2015 movere.
1205 1950 1300 2033 Legis

164 2038 247 2101 enim
281 2058 360 2113 mea,
394 2059 456 2100 non
489 2043 525 2100 ut
549 2037 717 2101 consilium
741 2039 779 2099 ad
804 2058 897 2101 casus
929 2039 1088 2100 instantes
1122 2043 1179 2098 aut
1212 2036 1300 2100 devi-

166 2123 283 2185 tandos
317 2127 374 2185 aut
411 2123 569 2203 patienter
606 2123 820 2196 sustinendos
858 2122 912 2184 sed
947 2122 1045 2185 veluti
1082 2121 1169 2185 dicta
1207 2122 1302 2186 istius

168 2229 288 2289 vappae
312 2207 484 2271 ardelionis
507 2204 672 2282 Tilonini,³
696 2212 732 2270 ut
755 2207 901 2270 videlicet
930 2207 1074 2270 convicia
1105 2211 1300 2287 retorqueas.

168 2291 222 2356 Sic
246 2314 335 2356 meus
359 2291 499 2356 senecio⁴
524 2294 760 2356 contionatores
783 2293 883 2369 audit,
900 2313 963 2356 non
981 2299 1018 2354 ut
1033 2312 1136 2355 mores
1152 2293 1302 2372 corrigat,

165 2377 221 2441 sed
245 2381 281 2441 ut
314 2379 381 2459 ipse
413 2377 490 2441 mihi
527 2378 739 2458 prodigiosam
775 2377 925 2441 fabellam
958 2378 1043 2440 domi
1075 2375 1201 2445 referat.
1247 2376 1303 2440 Sic

165 2464 380 2544 superstitiosi
415 2464 560 2526 divorum
593 2464 759 2543 imagines,
791 2484 853 2526 uon
886 2464 971 2544 ipsos
1004 2463 1094 2526 divos
1122 2463 1301 2541 intuentur,

168 2548 240 2631 plus
264 2548 365 2612 oculis
388 2569 482 2630 quam
507 2549 613 2611 animo
637 2547 898 2629 contemplantes.
944 2546 998 2611 Sic
1020 2549 1052 2611 in
1076 2547 1176 2612 deviis
1192 2569 1303 2611 nemo·

167 2635 257 2698 ribus
282 2633 487 2715 „reparabilis
510 2638 642 2697 assonat
672 2632 788 2697 Echo.“
806 2632 840 2671 ‘¹⁶
885 2633 997 2715 ltaque
1031 2633 1159 2698 valeant
1187 2633 1302 2697 odiosa
1370 2669 1374 2675 Δ

168 2720 301 2792 monita,
340 2720 560 2783 conticescant
595 2719 686 2797 seria,
724 2719 875 2781 succedat
911 2718 1077 2800 phalerata
1110 2722 1142 2783 et
1175 2717 1302 2782 inutilis

173 2805 458 2885 blandiloquentia,
492 2804 663 2868 dummodo
697 2805 779 2866 scias
814 2803 1010 2867 adulatorem
1042 2826 1112 2869 esse
1145 2802 1301 2868 blandum

172 2890 305 2966 hostem,
330 2891 450 2954 amicos
472 2889 748 2952 turbulentissima
772 2889 983 2970 castigatione
1006 2890 1163 2971 prodesse,
1187 2909 1302 2969 quam-

168 2998 263 3057 quam
300 2976 432 3038 insanae
464 2976 581 3038 mentis
614 2975 730 3038 fluctus
767 2974 878 3037 sedare
910 2997 948 3038 ac
982 2995 1170 3056 componere
1207 2996 1302 3037 nemo

168 3065 282 3143 potest.
322 3059 406 3123 Cave
422 3060 571 3136 trucides,
596 3082 677 3142 quae
693 3058 775 3122 solet
799 3060 938 3122 membra
954 3060 1067 3137 levare,
1080 3059 1154 3123 lecti
1170 3060 1302 3123 sociam.

167 3146 202 3209 Si
232 3151 339 3228 potest
371 3166 438 3208 esse
462 3146 614 3208 diuturna
644 3146 718 3208 talis
750 3145 906 3226 voluptas,
939 3145 1079 3226 prolecto
1109 3145 1244 3208 sinerem
1268 3149 1304 3208 te

166 3232 270 3312 jacere
288 3237 320 3293 et
336 3231 397 3293 frui
422 3230 560 3306 domina,
586 3251 667 3311 quae
691 3228 738 3292 rel
763 3231 831 3292 sine
856 3252 932 3294 naso
957 3234 1071 3294 nasuta
1094 3231 1113 3293 i.
1137 3241 1191 3293 e.⁰
1213 3230 1303 3292 dica-

169 3317 239 3379 cula
265 3320 472 3398 potestesse,
496 3315 634 3379 formosa
662 3337 735 3379 vero
768 3337 940 3396 nunquam.
988 3315 1169 3380 Vidistine‘
1196 3319 1303 3378 testu-

168 3402 274 3464 dinem
311 3423 400 3464 suam
437 3422 544 3464 secum
579 3401 738 3463 domum⁸
775 3400 1072 3464 circumferentem?
1117 3400 1184 3464 Hoc
1218 3401 1303 3464 mule

169 3508 274 3550 cunno
294 3487 409 3568 jugati,
433 3487 504 3549 bem
530 3486 693 3567 conjugati
724 3485 825 3549 dicere
860 3486 954 3564 volui,
990 3486 1091 3549 lacere
1125 3491 1302 3568 nequeunt.

168 3572 275 3636 Habes
298 3593 465 3635 summam.
511 3570 559 3634 Tu
583 3573 652 3634 vale
674 3575 706 3633 et
730 3593 821 3653 parce
843 3570 959 3635 Momo.

324 3672 385 3726 Cod.
404 3671 470 3726 Frel.
489 3673 548 3724 4711.

237 3908 251 3936 ²
268 3897 294 3946 et
311 3894 420 3946 inimica
431 3893 494 3959 fehlt
512 3893 554 3946 bei
573 3893 646 3946 Tenc.
717 3895 837 3945 brutum
854 3893 918 3959 fehlt
936 3892 977 3944 bei
996 3892 1069 3945 Terras.
1140 3889 1243 3942 ohne.
1261 3906 1305 3943 er·

167 3962 668 4029 9111111ἀανσΙιΖιιίὶἰθωιρτοτιΙιιοο,
739 3962 863 4015 deceno.
934 3962 976 4012 ei.
996 3978 1018 4013 e.
1036 3959 1098 4028 fehlt
1116 3958 1158 4011 bei
1175 3958 1250 4011 leur.

174 4030 294 4083 tvidisti
312 4047 354 4083 ne.
424 4031 523 4083 edorni
544 4030 617 4082 Tene.

240 4102 246 4130 ¹
266 4099 453 4167 »Engelsburg«
472 4098 544 4151 hiess
563 4099 609 4151 des
628 4098 702 4151 Huus
721 4114 772 4150 rou
790 4097 893 4150 thans
912 4096 1137 4164 Schnicgerrater
1155 4093 1187 4146 H.
1200 4093 1304 4162 Spater.

207 4170 216 4199 ²
234 4166 324 4220 Euhan
342 4167 415 4218 hatte
434 4166 492 4218 sich
512 4167 537 4219 in
557 4167 656 4220 l'ersen
676 4165 832 4227 besehn‘ert,
852 4181 943 4218 woron
963 4166 1022 4217 eine
1039 4164 1131 4217 Probo.
1167 4162 1217 4214 Die
1235 4163 1305 4217 Vor-

172 4236 256 4287 wirte
274 4234 392 4288 blutians
410 4235 522 4302 benogen
542 4235 598 4288 sich
619 4236 665 4287 out
681 4234 731 4285 den
750 4234 950 4300 leiehtsinnigen
968 4230 1170 4286 Ileiratshandol
1182 4231 1238 4284 und
1256 4232 1307 4285 das

171 4304 275 4355 lochere
294 4303 381 4355 Lehen
401 4302 512 4362 Eobuus
531 4320 623 4355 morou
643 4304 669 4354 in
688 4303 737 4353 deu
757 4302 894 4369 folgenden
919 4301 1023 4353 Brielen
1041 4300 1107 4353 noch
1129 4297 1241 4351 rielfeoh
1261 4300 1306 4353 die

168 4371 241 4423 Rode
261 4373 303 4424 ist.
376 4371 427 4424 ³8.
447 4373 493 4424 511
517 4375 547 4423 h.
567 4373 590 4423 11.
663 4367 1307 4424 11188612.1101191011118111911116

170 4439 269 4491 Paulus
288 4440 412 4507 Aquilius
431 4441 553 4507 gemeint
573 4441 619 4492 der
636 4439 703 4491 uneh
716 4387 766 4492 tlh:
785 4440 836 4492 320
855 4440 945 4506 (1514)
964 4437 1030 4490 noch
1042 4438 1067 4489 in
1077 4435 1194 4489 hlutiaus
1213 4435 1307 4490 Hense

94 4556 102 4578 ,
172 4509 300 4572 rerl'ohrt,
315 4509 420 4562 olmuhl
440 4526 468 4562 cr
485 4510 535 4560 seit
556 4508 622 4560 1512
641 4508 665 4559 in
686 4508 727 4558 ein
746 4506 947 4565 Xenodochium
967 4507 1117 4574 cingekeult
1135 4519 1197 4558 nur.
1235 4503 1306 4558 Vom

163 4577 402 4651 Wundergleuben
424 4580 566 4636 desselben
585 4576 717 4650 sprecheu
736 4575 807 4629 euch
819 4575 1031 4628 linthium).
1083 4573 1183 4626 ⁵Pera.
1201 4570 1223 4637 1,
1244 4572 1304 4628 102.
