2774 4966
556 616 662 670 lintion
679 631 714 670 au
733 617 833 672 Urban.
1194 622 1257 686 479

124 805 217 859 ootha.
659 788 732 852 412.
1031 803 1071 858 14.
1090 803 1160 872 Sept.
1180 807 1256 860 1514.

502 896 646 966 hlutian
670 917 718 966 an
742 896 882 966 Urban.

126 1007 208 1074 (ll'r'll
225 1008 284 1059 derra
306 1007 453 1075 Campeqrrs
471 1007 553 1060 durch
573 1007 663 1060 dassen
680 1007 762 1060 Bolen
779 1005 870 1072 Rufus
893 1005 941 1072 fiir
963 1006 1012 1057 den
1033 1006 1259 1075 Ba'r'clrcromerger

127 1077 238 1129 (halma
274 1074 398 1128 Dr'ctmur
420 1076 471 1127 soll
492 1077 532 1127 20
558 1077 598 1129 Gt.
617 1076 719 1139 aaaron,
737 1076 823 1127 donril
842 1075 878 1127 M.
896 1075 941 1126 edre
963 1074 1093 1129 Gcsclrcnl*
1114 1076 1162 1142 sir'r
1184 1077 1258 1144 Pses-

124 1146 211 1212 linger
228 1143 325 1210 borisen
343 1144 423 1196 homa
460 1144 533 1210 Hofft
550 1163 609 1196 rom
628 1143 695 1211 Hoso
711 1145 753 1196 dic
771 1143 959 1195 &malchon
976 1159 1029 1194 aru
1046 1143 1172 1210 Pfra‘ndc.
1201 1145 1259 1199 Dos

396 1212 514 1281 Epitoplr
532 1213 587 1280 aas
606 1212 729 1265 willelm
746 1213 780 1265 Π.
799 1229 849 1265 eon
866 1211 983 1278 Messon.)

372 1309 495 1369 Optimo
514 1311 612 1360 amico
630 1310 671 1360 Η.
688 1311 817 1361 Urbano
836 1310 880 1359 Μ.
897 1307 1009 1359 Rubra.

232 1402 263 1465 S.
309 1401 399 1466 Fecit
434 1402 511 1466 mihi
547 1402 738 1485 Campegus'
775 1406 967 1485 pergratum,
1002 1403 1086 1486 quod
1121 1404 1255 1467 indicem

127 1487 278 1551 librorum
303 1494 456 1565 amanter,
480 1494 517 1552 ut
539 1488 631 1566 solet,
655 1490 887 1571 diligenterque
919 1490 1144 1570 procuraverit.
1190 1488 1258 1570 Ego

128 1574 285 1637 adductus
319 1574 404 1637 illius
440 1574 511 1637 Rufi
544 1574 741 1639 tabellionis²
776 1573 998 1638 benevolentia
1027 1575 1197 1637 rescribam
1226 1579 1259 1637 et

127 1659 248 1740 gratias
280 1681 372 1740 agam
406 1660 513 1723 animo
546 1661 700 1742 gaudenti
731 1664 763 1722 et
792 1660 915 1736 libenti,
947 1667 982 1723 ut
1013 1660 1197 1724 absolutum
1224 1682 1259 1723 se

128 1745 285 1826 (peccavit
318 1744 415 1825 enirn)
448 1745 561 1809 laetari
595 1748 704 1827 possit.
751 1745 821 1808 Non
857 1745 920 1808 huc
949 1746 1037 1808 venit
1068 1745 1259 1808 Phorcensis

128 1828 339 1907 adulescenS,³
352 1830 473 1911 alioqui
485 1830 634 1906 Publius·
650 1837 739 1894 tuam
757 1852 885 1894 manum
902 1830 1058 1894 imitando
1070 1830 1258 1894 effinxisset.

129 1913 207 1978 Cum
231 1913 304 1978 Tito
327 1915 441 1978 Mario⁵
465 1917 634 1998 transigas,
680 1915 797 1979 Vellem
826 1916 1016 1979 haberemus
1037 1915 1105 1992 XX,
1128 1921 1165 1979 ut
1189 1937 1258 1978 meo

128 2001 284 2083 praesidio
318 2023 451 2064 emerem
489 2002 606 2065 donum
641 2001 794 2084 nuptiale,
828 2005 1013 2083 argenteum
1048 2001 1196 2065 videlicet
1227 2007 1258 2064 et

130 2086 256 2166 quidem
280 2087 455 2168 pretiosum
479 2087 683 2151 carchesium.
731 2087 882 2169 Suspicor
902 2086 1092 2169 inquilinum
1110 2087 1257 2150 daturum

128 2171 233 2235 verba.
279 2172 474 2236 Sceleratum
499 2172 680 2237 Schilonem
705 2170 916 2236 submovebo⁸
943 2178 1039 2254 teque
1062 2172 1257 2236 substituam

128 2257 161 2320 in
185 2257 253 2338 ejus
275 2256 389 2320 locum.
434 2257 550 2321 lterum
584 2258 710 2341 postulo
741 2259 897 2322 rationem
933 2256 1148 2321 villicationis.
1192 2256 1257 2322 Vae

129 2341 200 2420 tibi,
223 2340 348 2406 Sclrilol
395 2342 514 2424 Scripsi
536 2343 575 2407 ad
600 2344 765 2406 llobanum
800 2343 931 2406 inclusis
966 2343 1117 2424 Campegi
1148 2341 1258 2422 literis,

129 2428 386 2510 quandoquidem
420 2427 471 2491 hic
507 2428 595 2492 illurn
635 2429 753 2492 laudat.
811 2426 995 2492 Primarias⁷
1029 2448 1092 2508 quo
1126 2433 1257 2506 vertam,

129 2513 244 2577 nescio.
291 2513 435 2577 Potiores
458 2515 653 2578 obtinebunt
676 2515 799 2596 potiora
822 2513 901 2578 loca.
941 2513 1092 2588 Quamvis
1116 2518 1148 2576 et
1171 2535 1259 2577 meae

129 2599 296 2680 dignitatis
329 2601 483 2663 rationem
517 2600 683 2664 habituros
712 2605 788 2682 puto
819 2598 960 2662 fautores
989 2599 1122 2662 aulicos.
1175 2598 1259 2680 Lege

128 2682 323 2749 ‹torneellarii⁸
352 2685 460 2748 literas
483 2691 515 2748 et
537 2685 631 2749 redde
661 2708 731 2749 eum
765 2684 845 2747 aliis.
890 2683 978 2747 Nihil
1001 2684 1039 2747 de
1062 2683 1122 2747 boc
1144 2683 1260 2765 Engel-

129 2791 247 2834 manno
270 2771 366 2833 dicas.
413 2770 541 2835 Ambiet
564 2777 595 2834 et
617 2771 688 2834 sibi.
735 2768 797 2833 Sed
815 2792 873 2850 ego
890 2791 952 2834 non
969 2768 1082 2832 alienis
1098 2769 1258 2850 indagabo

128 2855 285 2936 vestigiis,
325 2877 426 2918 meam
464 2857 659 2939 provinciam
694 2856 822 2919 curabo.
879 2854 1020 2919 Fortuna
1055 2856 1098 2918 sit
1130 2855 1260 2920 domina

129 2943 240 3023 campi.
288 2940 453 3005 Caesarem
485 2939 729 3006 Tabernarium⁹
760 2941 942 3018 admoneas,
966 2946 1002 3003 ut
1024 2939 1167 3006 facturus
1197 2942 1258 3006 iter

133 3048 182 3090 me
204 3027 286 3090 inter
309 3027 448 3091 eundum
472 3028 564 3104 visat,
589 3027 636 3091 vel
661 3029 688 3090 si
711 3027 807 3090 alium
840 3025 939 3089 habes
971 3027 1119 3090 nunt-ium
1150 3027 1259 3106 fidum,

130 3112 237 3175 dicito
294 3112 393 3176 Valde
430 3114 599 3196 occupavit
636 3134 686 3176 me
722 3112 876 3193 proximis
913 3110 1026 3176 diebus
1063 3113 1259 3195 epitaphium

131 3197 343 3280 principale¹⁰
388 3196 492 3262 Tanta
525 3200 653 3263 domina
687 3198 763 3280 quid
797 3218 860 3261 non
894 3198 1079 3279 impetraret
1112 3199 1207 3261 etiam
1241 3221 1261 3262 a

130 3282 308 3348 Xenocrate
331 3288 363 3347 et
385 3283 500 3364 frigido
531 3284 743 3367 philosopho?
788 3282 823 3347 Si
845 3283 966 3366 placuit
988 3283 1053 3360 ,lul
1078 3281 1206 3346 Caesari
1228 3290 1261 3349 ct.

129 3367 171 3430 M.
204 3370 344 3433 Antonio
374 3369 618 3450 imperatoribus
649 3371 757 3451 regina
787 3370 923 3452 Aegypti
954 3367 1159 3450 Cleopatra*
1189 3370 1261 3432 hlo-

129 3454 252 3517 xandro
275 3453 458 3531 Thalestris,
482 3477 522 3517 an
548 3479 609 3520 non
633 3456 712 3519 mihi
735 3455 858 3536 placeat
882 3453 1032 3518 bellicosa
1054 3453 1262 3518 Semiramis?

130 3539 230 3602 Extra
249 3539 365 3621 jocum.
410 3539 460 3603 lta
483 3541 657 3617 blanditur,
680 3545 717 3604 ut
740 3542 835 3604 vides.
882 3540 1050 3603 Blanditur
1079 3545 1197 3618 autem,
1225 3546 1262 3605 ut

132 3647 180 3688 me
203 3648 307 3689 amare
330 3627 484 3689 videatur.
530 3627 686 3707 Intelligo.
732 3625 803 3689 Non
827 3627 936 3689 desum
960 3626 1130 3689 occasioni.

423 3706 477 3794 34)
500 3713 645 3789 ohtradum
668 3713 697 3773 iu
719 3706 775 3794 jrc
798 3715 872 3785 rium
896 3716 960 3785 hunt

421 3798 490 3857 utin
513 3797 698 3874 rubrrthrnirh
721 3797 803 3871 millia
825 3798 927 3877 pirnbt.

423 3880 478 3944 aa
501 3885 616 3963 ortlirfir
640 3887 702 3944 rtet
725 3900 816 3959 propa

198 4030 212 4058 ⁸
226 4015 288 4069 Cloo
306 4021 369 4070 otra.
1146 4042 1150 4049 -

135 4092 139 4099 ⁴
203 4033 347 4137 ¹Ertuitor
366 4083 464 4138 Scriba.
492 4083 518 4138 S.
540 4084 591 4137 210
609 4087 638 4137 Α,
659 4085 682 4135 l.
736 4081 823 4150 'Vgt
842 4081 867 4136 S.
886 4083 936 4134 447
955 4084 986 4135 Α.
1008 4085 1030 4135 1.
1084 4083 1262 4138 8ΕιιιΡῐοτι·

130 4152 242 4218 heimor,
261 4154 308 4206 der
325 4152 545 4206 wahrschcinlich
565 4153 591 4204 in
611 4152 699 4204 Erfurt
716 4152 843 4204 studiorto
862 4151 915 4203 und
933 4152 999 4203 ditor
1016 4153 1166 4219 vorspraoh.
1201 4153 1261 4221 Vgl.

129 4219 174 4276 Br.
193 4223 252 4274 416.
271 4222 330 4276 448.
385 4222 516 4275 ⁴Dienor.
545 4220 571 4273 S.
590 4221 639 4273 4οἲ
660 4224 689 4274 Α.
709 4220 732 4274 2.
787 4219 869 4272 ⁶Der
886 4219 1045 4272 Mietsmann
1063 4220 1189 4273 llictmar.
1217 4222 1260 4276 Br.
1289 4267 1294 4280 .

132 4291 192 4344 404.
247 4292 258 4322 ⁶
276 4290 333 4343 Vou
344 4292 430 4342 seinor
440 4290 611 4357 Veru'ultung
621 4287 1028 4341 dorMatianisolronEinlriinfto.
1059 4288 1108 4341 Eia
1125 4289 1262 4343 r'thnlicher

131 4356 221 4412 FallS.
233 4358 282 4410 247
294 4363 324 4412 Α.
335 4361 357 4410 h.
419 4361 428 4390 ἵ
446 4357 569 4410 Ncmliolr
589 4374 687 4424 procos,
705 4357 747 4410 dio
765 4356 945 4408 Prttscntation
964 4358 1006 4409 ii'u·
1023 4357 1081 4410 cino
1100 4358 1260 4411 Gothaischo

132 4426 247 4479 Plriinde
265 4427 290 4481 S.
310 4429 360 4479 444
382 4431 410 4479 Α.
429 4431 453 4481 t.
490 4426 532 4480 Br.
549 4428 611 4489 filli,
630 4427 676 4477 dor
696 4425 830 4478 viellciclrt
847 4437 901 4477 crst
919 4426 965 4477 aul
981 4426 1075 4491 olrigcn
1100 4426 1171 4493 lolgt.
1208 4427 1261 4479 Ila·
1373 4460 1384 4479 .

131 4497 191 4548 raus
206 4497 280 4549 iiihrt
297 4497 366 4548 arri-h
387 4497 429 4548 dio
448 4496 518 4549 Bitte
537 4512 561 4546 m
582 4494 624 4547 Br.
643 4496 693 4547 4οῖ
718 4511 761 4546 uin
785 4493 1009 4562 Zuriiclrscndrmg
1033 4495 1080 4547 dos
1103 4494 1145 4549 Br.
1172 4498 1261 4547 Annas
1372 4506 1376 4511 ·

130 4580 155 4615 v.
176 4563 285 4618 Hesson.
359 4565 554 4631 ‘’Englondcm.
592 4563 649 4630 l'gl.
676 4580 728 4616 vor.
754 4562 795 4614 Br.
867 4562 954 4629 ⁹l'gl.
981 4579 1035 4616 vor.
1055 4562 1097 4616 Br.
1171 4567 1192 4595 ¹¹·
1209 4563 1272 4619 Aul.

131 4631 260 4686 Wilhelhr
282 4633 312 4686 ll.
333 4651 357 4684 v.
380 4634 486 4685 Hcsscrr.
523 4632 581 4698 l'gl.
601 4636 625 4685 S.
644 4631 696 4683 41?
714 4634 744 4682 A.
764 4634 787 4683 3.
1136 4647 1141 4653 ’
