2774 4966
556 606 660 658 Mutian
680 624 712 658 an
735 604 834 660 Urban.
1218 603 1258 668 57

138 786 169 843 et
201 781 355 843 caecitate
389 781 594 845 laborantes?
639 781 741 844 Causa
775 780 849 843 mali
884 785 929 842 est
966 776 1124 862 opinionis
1162 776 1258 840 falsae

137 867 251 948 calig03
286 867 427 930 concitat
462 869 542 931 enim
576 891 629 931 eos
660 868 805 949 publicus
833 888 916 929 error
943 874 975 928 et
1002 876 1147 930 aeternae
1181 864 1260 942 legis

82 965 86 972 '
137 954 324 1035 ignorantia.
375 953 457 1029 Quid
488 959 522 1016 tu
553 957 630 1018 reris
664 976 731 1016 esse
765 954 865 1034 legem
901 951 1082 1017 aeternam?
1128 949 1260 1032 Suspice

138 1039 265 1103 coelum.
305 1040 372 1103 lllic
383 1045 512 1103 aeterno
529 1040 651 1105 foedere
668 1040 793 1104 sidera²
813 1044 940 1102 servant
956 1036 1165 1103 concordiam.
1204 1035 1258 1099 Sul

137 1126 227 1189 lunae
239 1127 385 1190 cursibus
398 1147 459 1189 non
474 1127 656 1191 obluctatur
702 1127 835 1208 „Vesper
850 1148 936 1189 seras
954 1126 1108 1190 nuntiatb
1132 1122 1259 1185 umbras

137 1212 331 1293 Reuehitque
355 1213 435 1276 diem
461 1213 584 1277 Lucifer
600 1213 768 1290 almnm“;'
794 1236 856 1295 pax
874 1214 1027 1276 elementa
1043 1210 1124 1291 regit
1140 1217 1172 1271 et
1188 1208 1259 1272 uni-

138 1322 224 1362 verso
248 1299 367 1361 mundo
391 1299 588 1381 planetarum
612 1301 733 1363 orbes⁰
757 1300 802 1361 sic
826 1305 1000 1365 versantur.
1025 1302 1060 1362 ut
1083 1296 1159 1360 coeli
1186 1295 1258 1358 har-

136 1386 270 1449 moniam
311 1387 498 1466 diuinosque
535 1394 708 1451 concentus
747 1385 942 1467 Pythagoras
975 1387 1173 1449 commentus
1205 1382 1256 1444 sit.

136 1471 221 1535 Hanc
244 1472 344 1554 legem
369 1478 479 1553 gentes
511 1473 664 1538 instinctu
694 1477 824 1535 naturae
858 1472 976 1535 colunt.
1024 1472 1112 1533 Hanc
1145 1468 1259 1543 Moses,

137 1557 233 1633 Plato,
258 1557 404 1622 Christus
426 1559 610 1622 docuerunt.
657 1560 795 1622 Haecin
820 1558 967 1622 cordibus
992 1556 1107 1621 nostris
1123 1563 1173 1618 est
1191 1576 1259 1635 per·

136 1645 259 1726 scripta.
316 1645 393 1720 Quis
427 1646 509 1708 enim
545 1646 664 1709 nesciat
699 1645 898 1708 concordiam
933 1651 965 1707 ct
998 1649 1139 1707 mutuam
1178 1642 1258 1704 cari-

138 1736 230 1794 tatem
255 1755 323 1793 esse
346 1731 485 1794 divinam
510 1739 542 1796 et
564 1738 704 1796 sanctam
724 1739 756 1794 et
772 1732 830 1795 deo
847 1732 1051 1807 carissimam,
1069 1752 1164 1812 quom
1181 1728 1259 1793 deus

136 1818 237 1881 omnia
262 1818 440 1881 moderetur
461 1819 571 1882 ordine
594 1826 688 1893 certe,
713 1819 758 1881 ita
781 1824 816 1881 ut
840 1817 917 1882 nihil
942 1818 1049 1882 obstet
1071 1816 1170 1880 alteri.
1208 1816 1256 1880 Ex

137 1902 191 1968 hac
213 1910 343 1968 aeterna
370 1904 439 1986 lege
467 1906 631 1986 pontifices
655 1911 686 1968 et
709 1904 913 1985 imperatores
944 1905 1188 1969 constitutiones
1211 1903 1257 1966 f-

137 1998 250 2064 cerunt,
275 2013 338 2054 non
355 1992 485 2054 omnino
510 1993 617 2067 malae,
642 1993 668 2054 si
693 1991 815 2054 deesset
840 1993 1043 2074 interpretum
1067 1991 1257 2068 malignitas.

138 2075 210 2139 Nam
234 2084 267 2141 tu
294 2079 361 2158 ipse
385 2080 485 2141 sentis
508 2101 576 2142 esse
600 2079 699 2143 nralos
728 2076 879 2147 homines,
908 2080 962 2160 qui
985 2078 1034 2140 sui
1058 2077 1136 2140 lucri
1163 2099 1259 2141 causa

138 2170 259 2227 vertunt
280 2165 314 2227 in
339 2166 462 2245 nigrum
492 2163 641 2229 candida²
666 2170 695 2226 et
720 2164 796 2227 viles
823 2164 1019 2246 glossrrlas‚‘1
1047 2171 1082 2227 ut
1109 2164 1199 2227 lenus
1226 2170 1259 2228 et

137 2270 242 2314 usuras
264 2250 448 2326 defendant,
474 2252 640 2316 imitantur
664 2251 878 2331 relinquentes
901 2252 1094 2332 aequitatem
1119 2257 1150 2314 et
1172 2274 1258 2314 com·

138 2357 225 2401 mune
253 2337 370 2400 bonurn
399 2344 431 2400 et
456 2338 509 2420 jus
535 2340 688 2419 gentium
717 2338 801 2420 quod
829 2364 848 2402 a
871 2361 919 2401 me
949 2344 1030 2402 recte
1062 2338 1177 2402 dicitnr
1207 2339 1257 2402 lex

137 2428 268 2495 aeterna,
291 2446 388 2506 quam
412 2425 443 2486 in
469 2447 561 2507 opere
583 2425 815 2508 splraerarum⁸
844 2425 1028 2489 coelestium
1053 2433 1084 2487 et
1107 2425 1258 2489 adnotavi

138 2516 162 2572 et
184 2511 331 2581 admiror,
356 2510 513 2593 deumque
536 2534 692 2577 summum
717 2512 747 2575 in
774 2512 826 2575 illo
851 2534 965 2593 magno
989 2534 1025 2575 ac
1050 2511 1256 2595 pulcherrimo

138 2596 438 2680 dispositissimoque
466 2600 584 2663 mundo
614 2598 802 2679 magnifacio
830 2605 861 2662 ot
890 2621 959 2662 cum
988 2599 1120 2663 ecclesia
1153 2598 1257 2663 laudo.

137 2681 191 2746 Sed
215 2691 250 2748 ut
272 2684 333 2748 tibi
356 2685 490 2766 gratiam
515 2708 641 2768 quoque
664 2685 793 2748 referam
820 2691 905 2756 (nam
930 2709 1022 2765 agere
1045 2686 1165 2766 gratias
1193 2709 1256 2749 non

137 2769 269 2850 sufficit),
294 2770 401 2851 accipe
426 2793 525 2851 pauca
550 2769 761 2836 murruscula.³
806 2771 944 2835 Primum
977 2773 1058 2835 scito
1086 2772 1256 2836 admodum

136 2856 236 2920 utilem
265 2878 389 2937 semper
419 2858 516 2921 luisse
543 2865 574 2922 et
602 2884 670 2923 esse
700 2858 912 2939 cognitionem
942 2858 1077 2922 siderum
1110 2864 1142 2921 et
1169 2865 1258 2922 ortus

136 2942 299 3025 obitusque
333 2944 474 3026 triplices
509 2947 680 3027 signorum.
728 2944 845 3008 ,luctor
873 2945 1015 3026 opusculi
1040 2968 1133 3027 saepe
1157 2945 1257 3008 Luca-

136 3052 200 3094 num
237 3031 326 3105 citat,
364 3031 436 3094 item
474 3031 641 3114 Vergilium
677 3037 709 3095 et
743 3031 900 3095 Ovidium.
954 3031 1063 3095 llittas
1097 3032 1256 3108 Proclum;

135 3117 248 3181 utinam
289 3121 402 3181 Aratus
438 3141 526 3181 meus
557 3126 589 3182 et
617 3119 777 3182 Maternus
811 3125 842 3181 et
874 3119 1009 3181 Manlius
1046 3118 1183 3182 redirent
1216 3119 1256 3181 ad

135 3203 217 3266 nos!⁴
264 3204 423 3286 Hyginum
442 3204 469 3243 ‘⁵
494 3204 573 3268 forte
598 3205 711 3282 legisti.
760 3204 836 3267 Milri
859 3206 984 3268 animus
1008 3211 1056 3269 est
1079 3206 1185 3268 rimari
1208 3228 1258 3268 ar·

133 3311 205 3353 cana
237 3297 370 3354 naturae
401 3297 433 3353 et
463 3291 641 3374 Baptistae⁸
674 3292 780 3355 sturlia
815 3291 975 3372 subsequi.
1012 3292 1194 3373 praesertim
1225 3293 1256 3356 in

133 3378 282 3441 siderali⁸
305 3378 446 3440 scientia.
495 3379 562 3441 Non
587 3386 692 3441 tamen
718 3378 844 3441 tabulas
864 3377 1030 3458 dlplronsi⁷
1048 3386 1079 3443 et
1095 3380 1257 3442 divinacu-

132 3461 224 3527 lorum
251 3464 416 3544 praesagia
443 3487 552 3528 moror.
600 3466 667 3528 Scit
691 3465 876 3546 Spalatinus
899 3466 1082 3528 aviditatem
1103 3465 1258 3528 stomachi

132 3552 196 3614 mei.
250 3550 383 3614 Habetis
412 3553 442 3614 in
474 3552 575 3615 riculo
612 3551 801 3615 Danlrneclro
837 3551 1057 3615 Clraldaeum.⁸
1104 3551 1163 3616 Det
1197 3553 1257 3615 tibi

130 3658 244 3718 quaeso
273 3636 423 3720 sphaeras
440 3639 453 3676 ¹¹
482 3638 677 3702 materiarios
708 3645 740 3701 et
770 3639 954 3702 astrolabiii
988 3639 1153 3702 scientiam
1188 3661 1257 3721 por-

128 3722 282 3786 lnnctorie
306 3724 420 3787 tradat.
467 3725 545 3788 Nam
570 3730 601 3787 te
624 3725 752 3788 tandem
776 3746 870 3807 super
893 3727 964 3789 istis
994 3725 1088 3789 rebus
1117 3726 1258 3808 quaesti-

194 3964 325 4031 ·sydera.
396 3965 538 4018 brnrnciat.
610 3967 720 4019 curlus.
792 3966 942 4031 ‘lglosulns
1014 3982 1183 4035 espruarum.

128 4036 138 4073 f
150 4032 265 4099 lligiurn.
336 4033 486 4099 rsyderrrli.
558 4037 571 4074 ¹¹
586 4052 682 4101 speras.
759 4036 924 4089 instrolabri.

196 4106 201 4133 ¹
221 4101 290 4155 Tcils
311 4100 436 4159 rriirtliclr.
457 4103 516 4155 teils
534 4103 580 4154 srci
600 4105 666 4155 rmelr
689 4104 796 4157 lloetius
817 4106 861 4159 ll'.
880 4110 896 4157 ri
915 4105 1020 4171 (Perper
1035 4122 1057 4171 p.
1074 4105 1145 4173 lun:
1177 4104 1257 4157 Siris

124 4170 187 4224 «etsi
203 4171 266 4237 jura
282 4170 397 4223 tonantis
422 4172 491 4224 Pura
516 4171 608 4224 sollers
635 4190 741 4224 eernere
770 4179 864 4236 mente,
894 4174 989 4240 ,lspico
1017 4174 1114 4225 summi
1143 4174 1258 4226 enlrniua

124 4239 197 4293 coeli.
235 4239 293 4293 lllic
308 4240 380 4306 justo
406 4242 508 4294 loedere
527 4257 612 4293 rorum
633 4242 754 4294 Veterem
784 4248 889 4296 serrant
914 4245 999 4295 sirlera
1018 4259 1121 4310 [rnre-em«
1140 4250 1189 4295 etc.

157 4309 280 4362 'Juren
308 4307 354 4371 111,
372 4311 413 4362 311.
485 4311 609 4362 ³Sernlet
628 4313 668 4362 ein
692 4312 839 4365 ll'erlmlren
865 4314 929 4365 iiber
956 4312 1110 4376 astrologia.
1182 4312 1257 4363 *Irin

139 4384 268 4432 euanuterr
289 4380 442 4447 Astrologen
463 4379 587 4447 (Manlius
645 4380 778 4447 Manilius)
798 4380 1025 4434 ersehionoul'en.
1042 4384 1113 4441 rrtnr,
1125 4380 1258 4433 lluteruus

123 4395 254 4500 litorium
271 4447 338 4499 auch
359 4449 441 4500 sehon
461 4453 549 4501 auerst
569 4450 634 4503 l'en.
657 4452 728 4503 11111.
784 4456 794 4483 ·”
814 4452 910 4520 Hygini
928 4451 1001 4504 Poet.
1021 4461 1114 4502 asu-on.
1131 4449 1176 4502 lib.
1193 4450 1257 4502 Veu.

124 4516 197 4570 1482.
268 4518 324 4570 ⁶8.
343 4517 377 4569 52
396 4522 425 4571 Α.
446 4518 468 4570 2.
542 4519 620 4571 ⁷1'rie
645 4519 854 4573 Allorrsiniselren
879 4520 975 4582 Taum,
996 4522 1041 4572 aul
1060 4518 1259 4584 l'eranstaltuug

125 4585 224 4639 Allous'
243 4584 278 4639 X.
300 4601 350 4638 run
369 4586 493 4639 Castilien
513 4588 710 4656 paru-refe)
733 4591 861 4659 gelertigt,
933 4589 1033 4643 ³Noelr
1059 4588 1193 4640 rnelnlaeh
1218 4603 1258 4640 or-

122 4654 218 4721 munt
236 4653 285 4710 Nr.
304 4653 355 4709 205
373 4656 408 4723 (a.
429 4655 514 4725 1512),
534 4658 584 4710 393
603 4658 635 4727 (a.
657 4658 734 4724 1514)
