<?xml version="1.0" encoding="UTF-8"?>
<!DOCTYPE html PUBLIC "-//W3C//DTD XHTML 1.0 Transitional//EN"
    "http://www.w3.org/TR/xhtml1/DTD/xhtml1-transitional.dtd">
<html xmlns="http://www.w3.org/1999/xhtml" xml:lang="en" lang="en">
 <head>
  <title>
</title>
<meta http-equiv="Content-Type" content="text/html;charset=utf-8" />
  <meta name='ocr-system' content='tesseract 3.04.00' />
  <meta name='ocr-capabilities' content='ocr_page ocr_carea ocr_par ocr_line ocrx_word'/>
</head>
<body>
  <div class='ocr_page' id='page_1' title='image "./derbriefwechsel00kraugoog_0708.png"; bbox 0 0 2774 4966; ppageno 0'>
   <div class='ocr_carea' id='block_1_1' title="bbox 10 39 972 307">
    <p class='ocr_par' dir='ltr' id='par_1_1' title="bbox 10 39 972 307">
     <span class='ocr_line' id='line_1_1' title="bbox 10 39 972 307; baseline -0.006 0"><span class='ocrx_word' id='word_1_1' title='bbox 10 39 972 307; x_wconf 68' lang='lat' dir='ltr'>u</span> 
     </span>
    </p>
   </div>
   <div class='ocr_carea' id='block_1_2' title="bbox 501 629 1226 705">
    <p class='ocr_par' dir='ltr' id='par_1_2' title="bbox 501 629 1226 705">
     <span class='ocr_line' id='line_1_2' title="bbox 501 629 1226 705; baseline 0.003 -8"><span class='ocrx_word' id='word_1_2' title='bbox 501 635 606 697; x_wconf 81' lang='lat' dir='ltr'>llntian</span> <span class='ocrx_word' id='word_1_3' title='bbox 624 658 658 695; x_wconf 89' lang='lat' dir='ltr'>un</span> <span class='ocrx_word' id='word_1_4' title='bbox 674 629 828 696; x_wconf 78' lang='lat' dir='ltr'><strong>Rhenanus.</strong></span> <span class='ocrx_word' id='word_1_5' title='bbox 1164 631 1226 705; x_wconf 77' lang='grc'>621</span> 
     </span>
    </p>
   </div>
   <div class='ocr_carea' id='block_1_3' title="bbox 98 804 1227 1011">
    <p class='ocr_par' dir='ltr' id='par_1_3' title="bbox 98 804 1227 1011">
     <span class='ocr_line' id='line_1_3' title="bbox 98 804 1227 875; baseline -0.006 -11"><span class='ocrx_word' id='word_1_6' title='bbox 98 810 169 864; x_wconf 75' lang='lat' dir='ltr'>Bere</span> <span class='ocrx_word' id='word_1_7' title='bbox 186 828 235 863; x_wconf 79' lang='lat' dir='ltr'>um</span> <span class='ocrx_word' id='word_1_8' title='bbox 251 810 330 863; x_wconf 78' lang='lat' dir='ltr'>einen</span> <span class='ocrx_word' id='word_1_9' title='bbox 349 810 431 864; x_wconf 78' lang='lat' dir='ltr'>Iudca</span> <span class='ocrx_word' id='word_1_10' title='bbox 446 810 492 863; x_wconf 81' lang='lat' dir='ltr'>der</span> <span class='ocrx_word' id='word_1_11' title='bbox 508 808 687 864; x_wconf 79' lang='lat' dir='ltr'>Frobcascbcn</span> <span class='ocrx_word' id='word_1_12' title='bbox 704 808 814 861; x_wconf 64' lang='lat' dir='ltr'>Molee.</span> <span class='ocrx_word' id='word_1_13' title='bbox 841 806 961 875; x_wconf 75' lang='lat' dir='ltr'>Anfrapc</span> <span class='ocrx_word' id='word_1_14' title='bbox 970 805 1034 859; x_wconf 71' lang='lat' dir='ltr'>atbar</span> <span class='ocrx_word' id='word_1_15' title='bbox 1044 805 1094 858; x_wconf 78' lang='lat' dir='ltr'>dea</span> <span class='ocrx_word' id='word_1_16' title='bbox 1106 804 1227 858; x_wconf 72' lang='lat' dir='ltr'>darastm</span> 
     </span>
     <span class='ocr_line' id='line_1_4' title="bbox 101 873 1225 1011; baseline -0.006 -79"><span class='ocrx_word' id='word_1_17' title='bbox 101 880 221 933; x_wconf 69' lang='lat' dir='ltr'>Socimm</span> <span class='ocrx_word' id='word_1_18' title='bbox 258 877 367 932; x_wconf 71' lang='lat' dir='ltr'>Mutua</span> <span class='ocrx_word' id='word_1_19' title='bbox 377 880 444 946; x_wconf 68' lang='lat' dir='ltr'>jerat</span> <span class='ocrx_word' id='word_1_20' title='bbox 461 878 550 931; x_wconf 66' lang='lat' dir='ltr'>amu</span> <span class='ocrx_word' id='word_1_21' title='bbox 567 877 760 1011; x_wconf 50' lang='lat' dir='ltr'>nocffldojs&#39;us&#39;</span> <span class='ocrx_word' id='word_1_22' title='bbox 780 875 904 943; x_wconf 77' lang='lat' dir='ltr'>Bcispiel.</span> <span class='ocrx_word' id='word_1_23' title='bbox 939 874 1009 927; x_wconf 78' lang='lat' dir='ltr'>Bilta</span> <span class='ocrx_word' id='word_1_24' title='bbox 1020 890 1069 927; x_wconf 83' lang='lat' dir='ltr'>um</span> <span class='ocrx_word' id='word_1_25' title='bbox 1084 873 1225 927; x_wconf 81' lang='lat' dir='ltr'>Erasmus’</span> 
     </span>
    </p>
   </div>
   <div class='ocr_carea' id='block_1_4' title="bbox 175 1055 1147 1195">
    <p class='ocr_par' dir='ltr' id='par_1_4' title="bbox 175 1055 1147 1195">
     <span class='ocr_line' id='line_1_5' title="bbox 175 1055 1147 1121; baseline -0.005 -11"><span class='ocrx_word' id='word_1_26' title='bbox 175 1060 273 1111; x_wconf 86' lang='lat' dir='ltr'>Beato</span> <span class='ocrx_word' id='word_1_27' title='bbox 291 1061 444 1111; x_wconf 83' lang='lat' dir='ltr'>Rhenano</span> <span class='ocrx_word' id='word_1_28' title='bbox 462 1060 647 1121; x_wconf 78' lang='lat' dir='ltr'>presbytero</span> <span class='ocrx_word' id='word_1_29' title='bbox 660 1070 675 1098; x_wconf 76' lang='lat'>⁸</span> <span class='ocrx_word' id='word_1_30' title='bbox 691 1058 892 1119; x_wconf 76' lang='lat' dir='ltr'>integerrimo</span> <span class='ocrx_word' id='word_1_31' title='bbox 911 1059 943 1107; x_wconf 87' lang='lat' dir='ltr'>st</span> <span class='ocrx_word' id='word_1_32' title='bbox 961 1055 1147 1113; x_wconf 82' lang='lat' dir='ltr'>doctissimo.</span> 
     </span>
     <span class='ocr_line' id='line_1_6' title="bbox 503 1141 824 1195; baseline -0.009 0"><span class='ocrx_word' id='word_1_33' title='bbox 503 1146 602 1195; x_wconf 86' lang='lat' dir='ltr'>amico</span> <span class='ocrx_word' id='word_1_34' title='bbox 621 1141 824 1195; x_wconf 83' lang='lat' dir='ltr'>honorando.¹</span> 
     </span>
    </p>
   </div>
   <div class='ocr_carea' id='block_1_5' title="bbox 100 1251 1235 3717">
    <p class='ocr_par' dir='ltr' id='par_1_5' title="bbox 100 1251 1235 3717">
     <span class='ocr_line' id='line_1_7' title="bbox 203 1251 1228 1337; baseline -0.005 -20"><span class='ocrx_word' id='word_1_35' title='bbox 203 1253 235 1317; x_wconf 86' lang='lat' dir='ltr'>S.</span> <span class='ocrx_word' id='word_1_36' title='bbox 260 1275 289 1335; x_wconf 93' lang='lat' dir='ltr'>p.</span> <span class='ocrx_word' id='word_1_37' title='bbox 314 1255 342 1318; x_wconf 92' lang='lat' dir='ltr'>d.</span> <span class='ocrx_word' id='word_1_38' title='bbox 389 1254 567 1319; x_wconf 75' lang='lat' dir='ltr'>literarum</span> <span class='ocrx_word' id='word_1_39' title='bbox 591 1255 732 1337; x_wconf 77' lang='lat' dir='ltr'>dignitas</span> <span class='ocrx_word' id='word_1_40' title='bbox 748 1257 780 1318; x_wconf 89' lang='lat' dir='ltr'>et</span> <span class='ocrx_word' id='word_1_41' title='bbox 795 1255 881 1317; x_wconf 89' lang='lat' dir='ltr'>recta</span> <span class='ocrx_word' id='word_1_42' title='bbox 896 1252 1004 1316; x_wconf 87' lang='lat' dir='ltr'>studia</span> <span class='ocrx_word' id='word_1_43' title='bbox 1026 1251 1228 1315; x_wconf 84' lang='lat' dir='ltr'>vehementer</span> 
     </span>
     <span class='ocr_line' id='line_1_8' title="bbox 101 1335 1228 1420; baseline -0.003 -19"><span class='ocrx_word' id='word_1_44' title='bbox 101 1339 272 1402; x_wconf 88' lang='lat' dir='ltr'>conciliant</span> <span class='ocrx_word' id='word_1_45' title='bbox 302 1342 404 1403; x_wconf 87' lang='lat' dir='ltr'>nostri</span> <span class='ocrx_word' id='word_1_46' title='bbox 435 1340 556 1404; x_wconf 80' lang='lat' dir='ltr'>ordinis</span> <span class='ocrx_word' id='word_1_47' title='bbox 583 1340 631 1403; x_wconf 92' lang='lat' dir='ltr'>vel</span> <span class='ocrx_word' id='word_1_48' title='bbox 663 1344 790 1403; x_wconf 91' lang='lat' dir='ltr'>nostrae</span> <span class='ocrx_word' id='word_1_49' title='bbox 824 1339 931 1420; x_wconf 90' lang='lat' dir='ltr'>potins</span> <span class='ocrx_word' id='word_1_50' title='bbox 961 1340 1012 1417; x_wconf 88' lang='lat' dir='ltr'>(ut</span> <span class='ocrx_word' id='word_1_51' title='bbox 1038 1338 1085 1400; x_wconf 89' lang='lat' dir='ltr'>ita</span> <span class='ocrx_word' id='word_1_52' title='bbox 1111 1335 1228 1414; x_wconf 90' lang='lat' dir='ltr'>dicam)</span> 
     </span>
     <span class='ocr_line' id='line_1_9' title="bbox 100 1421 1228 1506; baseline -0.003 -20"><span class='ocrx_word' id='word_1_53' title='bbox 100 1424 291 1505; x_wconf 81' lang='lat' dir='ltr'>gentilitatis</span> <span class='ocrx_word' id='word_1_54' title='bbox 322 1424 475 1503; x_wconf 88' lang='lat' dir='ltr'>homines,</span> <span class='ocrx_word' id='word_1_55' title='bbox 498 1429 531 1488; x_wconf 85' lang='lat' dir='ltr'>et</span> <span class='ocrx_word' id='word_1_56' title='bbox 553 1423 612 1488; x_wconf 86' lang='lat' dir='ltr'>hac</span> <span class='ocrx_word' id='word_1_57' title='bbox 640 1426 733 1506; x_wconf 87' lang='lat' dir='ltr'>quasi</span> <span class='ocrx_word' id='word_1_58' title='bbox 763 1423 876 1506; x_wconf 89' lang='lat' dir='ltr'>copula</span> <span class='ocrx_word' id='word_1_59' title='bbox 906 1423 1071 1486; x_wconf 89' lang='lat' dir='ltr'>devinctos</span> <span class='ocrx_word' id='word_1_60' title='bbox 1093 1422 1126 1483; x_wconf 90' lang='lat' dir='ltr'>in</span> <span class='ocrx_word' id='word_1_61' title='bbox 1149 1421 1228 1484; x_wconf 92' lang='lat' dir='ltr'>ami·</span> 
     </span>
     <span class='ocr_line' id='line_1_10' title="bbox 101 1508 1229 1592; baseline -0.003 -21"><span class='ocrx_word' id='word_1_62' title='bbox 101 1509 177 1571; x_wconf 87' lang='lat' dir='ltr'>citia</span> <span class='ocrx_word' id='word_1_63' title='bbox 191 1510 331 1574; x_wconf 80' lang='lat' dir='ltr'>retinent</span> <span class='ocrx_word' id='word_1_64' title='bbox 347 1511 548 1592; x_wconf 87' lang='lat' dir='ltr'>sempiterna.</span> <span class='ocrx_word' id='word_1_65' title='bbox 581 1508 711 1591; x_wconf 83' lang='lat' dir='ltr'>Semper</span> <span class='ocrx_word' id='word_1_66' title='bbox 727 1531 786 1591; x_wconf 89' lang='lat' dir='ltr'>ego</span> <span class='ocrx_word' id='word_1_67' title='bbox 803 1510 896 1572; x_wconf 87' lang='lat' dir='ltr'>unice</span> <span class='ocrx_word' id='word_1_68' title='bbox 912 1508 995 1573; x_wconf 89' lang='lat' dir='ltr'>colui</span> <span class='ocrx_word' id='word_1_69' title='bbox 1011 1513 1043 1571; x_wconf 89' lang='lat' dir='ltr'>et</span> <span class='ocrx_word' id='word_1_70' title='bbox 1059 1511 1229 1570; x_wconf 83' lang='lat' dir='ltr'>veneratus</span> 
     </span>
     <span class='ocr_line' id='line_1_11' title="bbox 100 1591 1229 1675; baseline -0.003 -19"><span class='ocrx_word' id='word_1_71' title='bbox 100 1615 170 1656; x_wconf 89' lang='lat' dir='ltr'>sum</span> <span class='ocrx_word' id='word_1_72' title='bbox 186 1600 332 1659; x_wconf 82' lang='lat' dir='ltr'>auctores</span> <span class='ocrx_word' id='word_1_73' title='bbox 348 1592 591 1659; x_wconf 80' lang='lat' dir='ltr'>Frobenianos.²</span> <span class='ocrx_word' id='word_1_74' title='bbox 629 1594 723 1672; x_wconf 85' lang='lat' dir='ltr'>Audi,</span> <span class='ocrx_word' id='word_1_75' title='bbox 739 1594 824 1675; x_wconf 92' lang='lat' dir='ltr'>quod</span> <span class='ocrx_word' id='word_1_76' title='bbox 840 1615 948 1657; x_wconf 89' lang='lat' dir='ltr'>verum</span> <span class='ocrx_word' id='word_1_77' title='bbox 965 1597 1027 1656; x_wconf 89' lang='lat' dir='ltr'>est:</span> <span class='ocrx_word' id='word_1_78' title='bbox 1053 1591 1229 1655; x_wconf 75' lang='lat' dir='ltr'>Frobenius</span> 
     </span>
     <span class='ocr_line' id='line_1_12' title="bbox 101 1677 1230 1759; baseline -0.003 -18"><span class='ocrx_word' id='word_1_79' title='bbox 101 1678 154 1741; x_wconf 91' lang='lat' dir='ltr'>ille</span> <span class='ocrx_word' id='word_1_80' title='bbox 178 1684 282 1743; x_wconf 90' lang='lat' dir='ltr'>vester</span> <span class='ocrx_word' id='word_1_81' title='bbox 304 1682 367 1742; x_wconf 92' lang='lat' dir='ltr'>imo</span> <span class='ocrx_word' id='word_1_82' title='bbox 390 1686 511 1755; x_wconf 87' lang='lat' dir='ltr'>noster,</span> <span class='ocrx_word' id='word_1_83' title='bbox 533 1679 714 1743; x_wconf 80' lang='lat' dir='ltr'>luculentus</span> <span class='ocrx_word' id='word_1_84' title='bbox 737 1679 841 1756; x_wconf 89' lang='lat' dir='ltr'>homo,</span> <span class='ocrx_word' id='word_1_85' title='bbox 866 1677 984 1759; x_wconf 88' lang='lat' dir='ltr'>ubique</span> <span class='ocrx_word' id='word_1_86' title='bbox 1006 1677 1137 1759; x_wconf 87' lang='lat' dir='ltr'>plausus</span> <span class='ocrx_word' id='word_1_87' title='bbox 1160 1697 1230 1738; x_wconf 87' lang='lat' dir='ltr'>eru-</span> 
     </span>
     <span class='ocr_line' id='line_1_13' title="bbox 102 1763 1229 1846; baseline -0.003 -20"><span class='ocrx_word' id='word_1_88' title='bbox 102 1763 240 1828; x_wconf 88' lang='lat' dir='ltr'>ditorum</span> <span class='ocrx_word' id='word_1_89' title='bbox 263 1764 474 1828; x_wconf 84' lang='lat' dir='ltr'>admiratione</span> <span class='ocrx_word' id='word_1_90' title='bbox 496 1766 610 1846; x_wconf 89' lang='lat' dir='ltr'>dignos</span> <span class='ocrx_word' id='word_1_91' title='bbox 625 1783 683 1829; x_wconf 86' lang='lat' dir='ltr'>suo</span> <span class='ocrx_word' id='word_1_92' title='bbox 699 1765 834 1827; x_wconf 89' lang='lat' dir='ltr'>artificio</span> <span class='ocrx_word' id='word_1_93' title='bbox 850 1769 883 1827; x_wconf 90' lang='lat' dir='ltr'>et</span> <span class='ocrx_word' id='word_1_94' title='bbox 897 1764 1050 1827; x_wconf 82' lang='lat' dir='ltr'>facultate</span> <span class='ocrx_word' id='word_1_95' title='bbox 1066 1763 1229 1825; x_wconf 85' lang='lat' dir='ltr'>excitavit.</span> 
     </span>
     <span class='ocr_line' id='line_1_14' title="bbox 102 1846 1230 1932; baseline -0.004 -20"><span class='ocrx_word' id='word_1_96' title='bbox 102 1848 215 1913; x_wconf 86' lang='lat' dir='ltr'>Sciunt</span> <span class='ocrx_word' id='word_1_97' title='bbox 247 1851 361 1930; x_wconf 92' lang='lat' dir='ltr'>optimi</span> <span class='ocrx_word' id='word_1_98' title='bbox 383 1855 416 1912; x_wconf 94' lang='lat' dir='ltr'>et</span> <span class='ocrx_word' id='word_1_99' title='bbox 438 1851 565 1931; x_wconf 86' lang='lat' dir='ltr'>plurimi</span> <span class='ocrx_word' id='word_1_100' title='bbox 596 1871 666 1913; x_wconf 90' lang='lat' dir='ltr'>eam</span> <span class='ocrx_word' id='word_1_101' title='bbox 697 1850 830 1932; x_wconf 83' lang='lat' dir='ltr'>gloriam</span> <span class='ocrx_word' id='word_1_102' title='bbox 862 1853 894 1911; x_wconf 94' lang='lat' dir='ltr'>te</span> <span class='ocrx_word' id='word_1_103' title='bbox 923 1848 1067 1929; x_wconf 88' lang='lat' dir='ltr'>adjutore</span> <span class='ocrx_word' id='word_1_104' title='bbox 1090 1851 1122 1910; x_wconf 88' lang='lat' dir='ltr'>et</span> <span class='ocrx_word' id='word_1_105' title='bbox 1143 1846 1230 1909; x_wconf 90' lang='lat' dir='ltr'>socio</span> 
     </span>
     <span class='ocr_line' id='line_1_15' title="bbox 103 1931 1231 2015; baseline -0.003 -19"><span class='ocrx_word' id='word_1_106' title='bbox 103 1939 210 1997; x_wconf 87' lang='lat' dir='ltr'>natam</span> <span class='ocrx_word' id='word_1_107' title='bbox 249 1940 306 1998; x_wconf 87' lang='lat' dir='ltr'>tua</span> <span class='ocrx_word' id='word_1_108' title='bbox 342 1935 501 1999; x_wconf 88' lang='lat' dir='ltr'>industria</span> <span class='ocrx_word' id='word_1_109' title='bbox 537 1936 642 1998; x_wconf 87' lang='lat' dir='ltr'>vivere</span> <span class='ocrx_word' id='word_1_110' title='bbox 675 1957 713 1998; x_wconf 88' lang='lat' dir='ltr'>ac</span> <span class='ocrx_word' id='word_1_111' title='bbox 746 1935 864 1998; x_wconf 88' lang='lat' dir='ltr'>florere.</span> <span class='ocrx_word' id='word_1_112' title='bbox 919 1932 1030 2015; x_wconf 89' lang='lat' dir='ltr'>Neque</span> <span class='ocrx_word' id='word_1_113' title='bbox 1066 1931 1231 1994; x_wconf 83' lang='lat' dir='ltr'>ardentius</span> 
     </span>
     <span class='ocr_line' id='line_1_16' title="bbox 102 2016 1230 2102; baseline -0.002 -21"><span class='ocrx_word' id='word_1_114' title='bbox 102 2019 300 2082; x_wconf 88' lang='lat' dir='ltr'>nobilissimo</span> <span class='ocrx_word' id='word_1_115' title='bbox 335 2018 464 2083; x_wconf 86' lang='lat' dir='ltr'>librario</span> <span class='ocrx_word' id='word_1_116' title='bbox 498 2022 643 2102; x_wconf 89' lang='lat' dir='ltr'>quamvis</span> <span class='ocrx_word' id='word_1_117' title='bbox 677 2020 818 2101; x_wconf 90' lang='lat' dir='ltr'>impense</span> <span class='ocrx_word' id='word_1_118' title='bbox 852 2022 889 2082; x_wconf 83' lang='lat' dir='ltr'>nt</span> <span class='ocrx_word' id='word_1_119' title='bbox 918 2018 998 2082; x_wconf 89' lang='lat' dir='ltr'>bene</span> <span class='ocrx_word' id='word_1_120' title='bbox 1033 2017 1071 2080; x_wconf 92' lang='lat' dir='ltr'>de</span> <span class='ocrx_word' id='word_1_121' title='bbox 1104 2016 1230 2080; x_wconf 89' lang='lat' dir='ltr'>saeculo</span> 
     </span>
     <span class='ocr_line' id='line_1_17' title="bbox 102 2101 1231 2185; baseline -0.002 -20"><span class='ocrx_word' id='word_1_122' title='bbox 102 2109 211 2167; x_wconf 89' lang='lat' dir='ltr'>nostro</span> <span class='ocrx_word' id='word_1_123' title='bbox 235 2104 367 2167; x_wconf 84' lang='lat' dir='ltr'>merenti</span> <span class='ocrx_word' id='word_1_124' title='bbox 398 2125 493 2184; x_wconf 90' lang='lat' dir='ltr'>quam</span> <span class='ocrx_word' id='word_1_125' title='bbox 523 2105 595 2184; x_wconf 87' lang='lat' dir='ltr'>tibi,</span> <span class='ocrx_word' id='word_1_126' title='bbox 626 2104 734 2180; x_wconf 89' lang='lat' dir='ltr'>Beate,</span> <span class='ocrx_word' id='word_1_127' title='bbox 768 2105 907 2167; x_wconf 85' lang='lat' dir='ltr'>favetur:</span> <span class='ocrx_word' id='word_1_128' title='bbox 945 2107 1111 2185; x_wconf 85' lang='lat' dir='ltr'>propterea</span> <span class='ocrx_word' id='word_1_129' title='bbox 1144 2101 1231 2182; x_wconf 87' lang='lat' dir='ltr'>quod</span> 
     </span>
     <span class='ocr_line' id='line_1_18' title="bbox 102 2187 1231 2271; baseline -0.002 -20"><span class='ocrx_word' id='word_1_130' title='bbox 102 2194 158 2251; x_wconf 87' lang='lat' dir='ltr'>tua</span> <span class='ocrx_word' id='word_1_131' title='bbox 186 2189 293 2253; x_wconf 90' lang='lat' dir='ltr'>solerti</span> <span class='ocrx_word' id='word_1_132' title='bbox 326 2188 492 2271; x_wconf 85' lang='lat' dir='ltr'>diligentia</span> <span class='ocrx_word' id='word_1_133' title='bbox 514 2190 581 2253; x_wconf 87' lang='lat' dir='ltr'>lieri</span> <span class='ocrx_word' id='word_1_134' title='bbox 604 2190 757 2266; x_wconf 89' lang='lat' dir='ltr'>videmus,</span> <span class='ocrx_word' id='word_1_135' title='bbox 781 2193 818 2252; x_wconf 88' lang='lat' dir='ltr'>nt</span> <span class='ocrx_word' id='word_1_136' title='bbox 839 2194 890 2252; x_wconf 88' lang='lat' dir='ltr'>tot</span> <span class='ocrx_word' id='word_1_137' title='bbox 911 2188 1070 2251; x_wconf 88' lang='lat' dir='ltr'>emendati</span> <span class='ocrx_word' id='word_1_138' title='bbox 1106 2187 1231 2250; x_wconf 92' lang='lat' dir='ltr'>codices</span> 
     </span>
     <span class='ocr_line' id='line_1_19' title="bbox 102 2272 1231 2355; baseline -0.001 -19"><span class='ocrx_word' id='word_1_139' title='bbox 102 2273 375 2347; x_wconf 81' lang='lat' dir='ltr'>circumferantur,</span> <span class='ocrx_word' id='word_1_140' title='bbox 408 2295 489 2355; x_wconf 87' lang='lat' dir='ltr'>quos</span> <span class='ocrx_word' id='word_1_141' title='bbox 522 2275 728 2339; x_wconf 88' lang='lat' dir='ltr'>literatissimi</span> <span class='ocrx_word' id='word_1_142' title='bbox 761 2275 819 2337; x_wconf 90' lang='lat' dir='ltr'>viri</span> <span class='ocrx_word' id='word_1_143' title='bbox 852 2294 1016 2354; x_wconf 86' lang='lat' dir='ltr'>nunquam</span> <span class='ocrx_word' id='word_1_144' title='bbox 1047 2272 1175 2335; x_wconf 86' lang='lat' dir='ltr'>laudare</span> <span class='ocrx_word' id='word_1_145' title='bbox 1199 2277 1231 2335; x_wconf 86' lang='lat' dir='ltr'>st</span> 
     </span>
     <span class='ocr_line' id='line_1_20' title="bbox 103 2355 1231 2441; baseline 0 -20"><span class='ocrx_word' id='word_1_146' title='bbox 103 2359 275 2423; x_wconf 87' lang='lat' dir='ltr'>ambiciose</span> <span class='ocrx_word' id='word_1_147' title='bbox 298 2358 466 2441; x_wconf 86' lang='lat' dir='ltr'>complecti</span> <span class='ocrx_word' id='word_1_148' title='bbox 497 2359 657 2424; x_wconf 87' lang='lat' dir='ltr'>desinunt.</span> <span class='ocrx_word' id='word_1_149' title='bbox 703 2358 868 2422; x_wconf 85' lang='lat' dir='ltr'>Erasmum</span> <span class='ocrx_word' id='word_1_150' title='bbox 891 2358 953 2422; x_wconf 91' lang='lat' dir='ltr'>tibi</span> <span class='ocrx_word' id='word_1_151' title='bbox 977 2356 1136 2422; x_wconf 88' lang='lat' dir='ltr'>debemus.</span> <span class='ocrx_word' id='word_1_152' title='bbox 1183 2355 1231 2421; x_wconf 86' lang='lat' dir='ltr'>Tu</span> 
     </span>
     <span class='ocr_line' id='line_1_21' title="bbox 102 2442 1230 2527; baseline -0.002 -21"><span class='ocrx_word' id='word_1_153' title='bbox 102 2445 275 2527; x_wconf 90' lang='lat' dir='ltr'>principem</span> <span class='ocrx_word' id='word_1_154' title='bbox 300 2444 482 2526; x_wconf 83' lang='lat' dir='ltr'>theologum</span> <span class='ocrx_word' id='word_1_155' title='bbox 507 2450 540 2508; x_wconf 89' lang='lat' dir='ltr'>et</span> <span class='ocrx_word' id='word_1_156' title='bbox 563 2444 648 2508; x_wconf 88' lang='lat' dir='ltr'>illam</span> <span class='ocrx_word' id='word_1_157' title='bbox 669 2444 791 2507; x_wconf 90' lang='lat' dir='ltr'>dulcem</span> <span class='ocrx_word' id='word_1_158' title='bbox 808 2449 841 2508; x_wconf 92' lang='lat' dir='ltr'>et</span> <span class='ocrx_word' id='word_1_159' title='bbox 856 2444 999 2507; x_wconf 83' lang='lat' dir='ltr'>divinam</span> <span class='ocrx_word' id='word_1_160' title='bbox 1016 2442 1230 2524; x_wconf 87' lang='lat' dir='ltr'>eloquentiam</span> 
     </span>
     <span class='ocr_line' id='line_1_22' title="bbox 103 2527 1232 2610; baseline -0.003 -18"><span class='ocrx_word' id='word_1_161' title='bbox 103 2529 197 2592; x_wconf 90' lang='lat' dir='ltr'>nobis</span> <span class='ocrx_word' id='word_1_162' title='bbox 220 2534 251 2592; x_wconf 90' lang='lat' dir='ltr'>et</span> <span class='ocrx_word' id='word_1_163' title='bbox 275 2530 456 2610; x_wconf 87' lang='lat' dir='ltr'>posteritati</span> <span class='ocrx_word' id='word_1_164' title='bbox 479 2530 651 2593; x_wconf 88' lang='lat' dir='ltr'>credidisti.</span> <span class='ocrx_word' id='word_1_165' title='bbox 667 2527 700 2568; x_wconf 56' lang='grc' dir='ltr'>δ’</span> <span class='ocrx_word' id='word_1_166' title='bbox 745 2527 849 2593; x_wconf 86' lang='lat' dir='ltr'>Semel</span> <span class='ocrx_word' id='word_1_167' title='bbox 872 2533 970 2610; x_wconf 88' lang='lat' dir='ltr'>atque</span> <span class='ocrx_word' id='word_1_168' title='bbox 992 2529 1106 2591; x_wconf 90' lang='lat' dir='ltr'>iterum</span> <span class='ocrx_word' id='word_1_169' title='bbox 1123 2527 1163 2590; x_wconf 92' lang='lat' dir='ltr'>ad</span> <span class='ocrx_word' id='word_1_170' title='bbox 1183 2548 1232 2590; x_wconf 91' lang='lat' dir='ltr'>me</span> 
     </span>
     <span class='ocr_line' id='line_1_23' title="bbox 103 2612 1231 2695; baseline -0.001 -19"><span class='ocrx_word' id='word_1_171' title='bbox 103 2615 232 2695; x_wconf 84' lang='lat' dir='ltr'>scripsit</span> <span class='ocrx_word' id='word_1_172' title='bbox 264 2613 358 2678; x_wconf 89' lang='lat' dir='ltr'>homo</span> <span class='ocrx_word' id='word_1_173' title='bbox 391 2617 533 2678; x_wconf 91' lang='lat' dir='ltr'>omnium</span> <span class='ocrx_word' id='word_1_174' title='bbox 566 2614 817 2678; x_wconf 89' lang='lat' dir='ltr'>humanissimus</span> <span class='ocrx_word' id='word_1_175' title='bbox 849 2613 944 2677; x_wconf 90' lang='lat' dir='ltr'>nullis</span> <span class='ocrx_word' id='word_1_176' title='bbox 982 2613 1061 2677; x_wconf 92' lang='lat' dir='ltr'>meis</span> <span class='ocrx_word' id='word_1_177' title='bbox 1101 2612 1231 2690; x_wconf 89' lang='lat' dir='ltr'>meritis,</span> 
     </span>
     <span class='ocr_line' id='line_1_24' title="bbox 102 2696 1232 2781; baseline -0.001 -21"><span class='ocrx_word' id='word_1_178' title='bbox 102 2702 228 2762; x_wconf 87' lang='lat' dir='ltr'>tuntum</span> <span class='ocrx_word' id='word_1_179' title='bbox 251 2699 360 2780; x_wconf 87' lang='lat' dir='ltr'>inepta</span> <span class='ocrx_word' id='word_1_180' title='bbox 383 2700 520 2780; x_wconf 88' lang='lat' dir='ltr'>quadam</span> <span class='ocrx_word' id='word_1_181' title='bbox 543 2699 679 2781; x_wconf 88' lang='lat' dir='ltr'>epistola</span> <span class='ocrx_word' id='word_1_182' title='bbox 701 2699 930 2777; x_wconf 86' lang='lat' dir='ltr'>subinvitatus,</span> <span class='ocrx_word' id='word_1_183' title='bbox 954 2718 1050 2779; x_wconf 90' lang='lat' dir='ltr'>quam</span> <span class='ocrx_word' id='word_1_184' title='bbox 1080 2696 1232 2761; x_wconf 87' lang='lat' dir='ltr'>Eobanus</span> 
     </span>
     <span class='ocr_line' id='line_1_25' title="bbox 105 2782 1233 2868; baseline -0.001 -22"><span class='ocrx_word' id='word_1_185' title='bbox 105 2785 188 2847; x_wconf 89' lang='lat' dir='ltr'>inter</span> <span class='ocrx_word' id='word_1_186' title='bbox 211 2784 325 2865; x_wconf 89' lang='lat' dir='ltr'>pocula</span> <span class='ocrx_word' id='word_1_187' title='bbox 342 2785 509 2866; x_wconf 91' lang='lat' dir='ltr'>imperavit</span> <span class='ocrx_word' id='word_1_188' title='bbox 525 2790 557 2848; x_wconf 88' lang='lat' dir='ltr'>et</span> <span class='ocrx_word' id='word_1_189' title='bbox 572 2782 755 2868; x_wconf 78' lang='lat' dir='ltr'>expressit.⁸</span> <span class='ocrx_word' id='word_1_190' title='bbox 800 2783 886 2859; x_wconf 85' lang='lat' dir='ltr'>Vide,</span> <span class='ocrx_word' id='word_1_191' title='bbox 902 2783 978 2866; x_wconf 88' lang='lat' dir='ltr'>quid</span> <span class='ocrx_word' id='word_1_192' title='bbox 995 2782 1093 2846; x_wconf 92' lang='lat' dir='ltr'>faciat</span> <span class='ocrx_word' id='word_1_193' title='bbox 1107 2783 1233 2864; x_wconf 85' lang='lat' dir='ltr'>postica</span> 
     </span>
     <span class='ocr_line' id='line_1_26' title="bbox 105 2866 1233 2952; baseline -0.001 -22"><span class='ocrx_word' id='word_1_194' title='bbox 105 2870 256 2932; x_wconf 86' lang='lat' dir='ltr'>suavitas.</span> <span class='ocrx_word' id='word_1_195' title='bbox 301 2867 424 2949; x_wconf 87' lang='lat' dir='ltr'>Negare</span> <span class='ocrx_word' id='word_1_196' title='bbox 446 2891 510 2935; x_wconf 91' lang='lat' dir='ltr'>non</span> <span class='ocrx_word' id='word_1_197' title='bbox 534 2872 634 2951; x_wconf 88' lang='lat' dir='ltr'>potui,</span> <span class='ocrx_word' id='word_1_198' title='bbox 657 2870 745 2952; x_wconf 88' lang='lat' dir='ltr'>piget</span> <span class='ocrx_word' id='word_1_199' title='bbox 767 2873 799 2932; x_wconf 90' lang='lat' dir='ltr'>et</span> <span class='ocrx_word' id='word_1_200' title='bbox 823 2869 931 2951; x_wconf 89' lang='lat' dir='ltr'>pudet.</span> <span class='ocrx_word' id='word_1_201' title='bbox 977 2867 1059 2943; x_wconf 85' lang='lat' dir='ltr'>Quid</span> <span class='ocrx_word' id='word_1_202' title='bbox 1082 2866 1233 2949; x_wconf 80' lang='lat' dir='ltr'>quaeris?</span> 
     </span>
     <span class='ocr_line' id='line_1_27' title="bbox 104 2952 1233 3036; baseline 0.001 -21"><span class='ocrx_word' id='word_1_203' title='bbox 104 2952 296 3034; x_wconf 89' lang='lat' dir='ltr'>Religiosius</span> <span class='ocrx_word' id='word_1_204' title='bbox 319 2955 522 3019; x_wconf 87' lang='lat' dir='ltr'>salutandum</span> <span class='ocrx_word' id='word_1_205' title='bbox 547 2961 615 3019; x_wconf 85' lang='lat' dir='ltr'>erat</span> <span class='ocrx_word' id='word_1_206' title='bbox 637 2976 764 3017; x_wconf 89' lang='lat' dir='ltr'>numen.</span> <span class='ocrx_word' id='word_1_207' title='bbox 810 2952 929 3036; x_wconf 82' lang='lat' dir='ltr'>Scripsi</span> <span class='ocrx_word' id='word_1_208' title='bbox 947 2952 1054 3016; x_wconf 88' lang='lat' dir='ltr'>ebrius</span> <span class='ocrx_word' id='word_1_209' title='bbox 1070 2957 1103 3015; x_wconf 93' lang='lat' dir='ltr'>et</span> <span class='ocrx_word' id='word_1_210' title='bbox 1118 2953 1233 3016; x_wconf 89' lang='lat' dir='ltr'>nihilo·</span> 
     </span>
     <span class='ocr_line' id='line_1_28' title="bbox 103 3037 1232 3117; baseline -0.003 -15"><span class='ocrx_word' id='word_1_211' title='bbox 103 3039 210 3102; x_wconf 90' lang='lat' dir='ltr'>minus</span> <span class='ocrx_word' id='word_1_212' title='bbox 245 3039 295 3102; x_wconf 90' lang='lat' dir='ltr'>bis</span> <span class='ocrx_word' id='word_1_213' title='bbox 329 3061 410 3117; x_wconf 89' lang='lat' dir='ltr'>sum,</span> <span class='ocrx_word' id='word_1_214' title='bbox 444 3061 462 3103; x_wconf 96' lang='lat' dir='ltr'>o</span> <span class='ocrx_word' id='word_1_215' title='bbox 497 3041 674 3103; x_wconf 89' lang='lat' dir='ltr'>inauditam</span> <span class='ocrx_word' id='word_1_216' title='bbox 709 3038 907 3116; x_wconf 87' lang='lat' dir='ltr'>facilitatem,</span> <span class='ocrx_word' id='word_1_217' title='bbox 939 3037 1142 3101; x_wconf 87' lang='lat' dir='ltr'>resalutatus.</span> <span class='ocrx_word' id='word_1_218' title='bbox 1195 3037 1232 3099; x_wconf 89' lang='lat' dir='ltr'>In</span> 
     </span>
     <span class='ocr_line' id='line_1_29' title="bbox 103 3123 1232 3188; baseline -0.002 -2"><span class='ocrx_word' id='word_1_219' title='bbox 103 3124 202 3188; x_wconf 88' lang='lat' dir='ltr'>ardua</span> <span class='ocrx_word' id='word_1_220' title='bbox 238 3125 352 3188; x_wconf 86' lang='lat' dir='ltr'>nititur</span> <span class='ocrx_word' id='word_1_221' title='bbox 381 3130 413 3188; x_wconf 88' lang='lat' dir='ltr'>et</span> <span class='ocrx_word' id='word_1_222' title='bbox 442 3125 587 3188; x_wconf 85' lang='lat' dir='ltr'>ascendit</span> <span class='ocrx_word' id='word_1_223' title='bbox 619 3130 651 3188; x_wconf 88' lang='lat' dir='ltr'>et</span> <span class='ocrx_word' id='word_1_224' title='bbox 683 3129 789 3187; x_wconf 89' lang='lat' dir='ltr'>tamen</span> <span class='ocrx_word' id='word_1_225' title='bbox 823 3125 950 3188; x_wconf 90' lang='lat' dir='ltr'>interim</span> <span class='ocrx_word' id='word_1_226' title='bbox 984 3123 1025 3187; x_wconf 93' lang='lat' dir='ltr'>ad</span> <span class='ocrx_word' id='word_1_227' title='bbox 1058 3123 1232 3186; x_wconf 90' lang='lat' dir='ltr'>amicorum</span> 
     </span>
     <span class='ocr_line' id='line_1_30' title="bbox 106 3207 1233 3291; baseline -0.002 -19"><span class='ocrx_word' id='word_1_228' title='bbox 106 3212 295 3291; x_wconf 86' lang='lat' dir='ltr'>parvitatem</span> <span class='ocrx_word' id='word_1_229' title='bbox 320 3231 389 3273; x_wconf 89' lang='lat' dir='ltr'>sese</span> <span class='ocrx_word' id='word_1_230' title='bbox 412 3210 562 3274; x_wconf 86' lang='lat' dir='ltr'>demittit.</span> <span class='ocrx_word' id='word_1_231' title='bbox 608 3210 721 3273; x_wconf 83' lang='lat' dir='ltr'>Amavi</span> <span class='ocrx_word' id='word_1_232' title='bbox 736 3217 768 3272; x_wconf 91' lang='lat' dir='ltr'>te</span> <span class='ocrx_word' id='word_1_233' title='bbox 783 3214 868 3286; x_wconf 89' lang='lat' dir='ltr'>ante,</span> <span class='ocrx_word' id='word_1_234' title='bbox 892 3209 936 3271; x_wconf 92' lang='lat' dir='ltr'>mi</span> <span class='ocrx_word' id='word_1_235' title='bbox 951 3207 1114 3286; x_wconf 89' lang='lat' dir='ltr'>Rhenane,</span> <span class='ocrx_word' id='word_1_236' title='bbox 1137 3228 1233 3288; x_wconf 87' lang='lat' dir='ltr'>quam</span> 
     </span>
     <span class='ocr_line' id='line_1_31' title="bbox 103 3294 1234 3375; baseline -0.001 -19"><span class='ocrx_word' id='word_1_237' title='bbox 103 3296 297 3375; x_wconf 90' lang='lat' dir='ltr'>provinciam</span> <span class='ocrx_word' id='word_1_238' title='bbox 321 3294 407 3357; x_wconf 93' lang='lat' dir='ltr'>illam</span> <span class='ocrx_word' id='word_1_239' title='bbox 431 3295 592 3359; x_wconf 87' lang='lat' dir='ltr'>librariam</span> <span class='ocrx_word' id='word_1_240' title='bbox 615 3295 697 3359; x_wconf 91' lang='lat' dir='ltr'>belle</span> <span class='ocrx_word' id='word_1_241' title='bbox 719 3299 777 3358; x_wconf 88' lang='lat' dir='ltr'>tua</span> <span class='ocrx_word' id='word_1_242' title='bbox 799 3294 957 3358; x_wconf 88' lang='lat' dir='ltr'>industria</span> <span class='ocrx_word' id='word_1_243' title='bbox 987 3294 1177 3357; x_wconf 86' lang='lat' dir='ltr'>instructam</span> <span class='ocrx_word' id='word_1_244' title='bbox 1202 3295 1234 3355; x_wconf 87' lang='lat' dir='ltr'>et</span> 
     </span>
     <span class='ocr_line' id='line_1_32' title="bbox 103 3377 1234 3462; baseline 0 -22"><span class='ocrx_word' id='word_1_245' title='bbox 103 3385 248 3443; x_wconf 87' lang='lat' dir='ltr'>ornatam</span> <span class='ocrx_word' id='word_1_246' title='bbox 282 3380 401 3443; x_wconf 85' lang='lat' dir='ltr'>adires:</span> <span class='ocrx_word' id='word_1_247' title='bbox 433 3380 529 3443; x_wconf 89' lang='lat' dir='ltr'>etiam</span> <span class='ocrx_word' id='word_1_248' title='bbox 559 3380 686 3444; x_wconf 90' lang='lat' dir='ltr'>vivente</span> <span class='ocrx_word' id='word_1_249' title='bbox 709 3379 813 3443; x_wconf 88' lang='lat' dir='ltr'>adhuc</span> <span class='ocrx_word' id='word_1_250' title='bbox 836 3380 892 3462; x_wconf 91' lang='lat' dir='ltr'>qui</span> <span class='ocrx_word' id='word_1_251' title='bbox 914 3379 1083 3461; x_wconf 89' lang='lat' dir='ltr'>plurimum</span> <span class='ocrx_word' id='word_1_252' title='bbox 1115 3377 1234 3458; x_wconf 89' lang='lat' dir='ltr'>judicio</span> 
     </span>
     <span class='ocr_line' id='line_1_33' title="bbox 108 3462 1232 3547; baseline 0.001 -23"><span class='ocrx_word' id='word_1_253' title='bbox 108 3468 163 3526; x_wconf 91' lang='lat' dir='ltr'>tuo</span> <span class='ocrx_word' id='word_1_254' title='bbox 201 3464 364 3529; x_wconf 89' lang='lat' dir='ltr'>tribuebat</span> <span class='ocrx_word' id='word_1_255' title='bbox 401 3462 523 3528; x_wconf 83' lang='lat' dir='ltr'>Thema</span> <span class='ocrx_word' id='word_1_256' title='bbox 560 3465 716 3547; x_wconf 91' lang='lat' dir='ltr'>Vuolphio</span> <span class='ocrx_word' id='word_1_257' title='bbox 746 3463 886 3546; x_wconf 78' lang='lat' dir='ltr'>juniore⁸</span> <span class='ocrx_word' id='word_1_258' title='bbox 920 3464 998 3527; x_wconf 91' lang='lat' dir='ltr'>mihi</span> <span class='ocrx_word' id='word_1_259' title='bbox 1031 3463 1232 3526; x_wconf 88' lang='lat' dir='ltr'>amicissimo.</span> 
     </span>
     <span class='ocr_line' id='line_1_34' title="bbox 105 3547 1235 3630; baseline 0.003 -22"><span class='ocrx_word' id='word_1_260' title='bbox 105 3547 279 3628; x_wconf 88' lang='lat' dir='ltr'>Postquam</span> <span class='ocrx_word' id='word_1_261' title='bbox 303 3571 375 3613; x_wconf 87' lang='lat' dir='ltr'>vero</span> <span class='ocrx_word' id='word_1_262' title='bbox 399 3549 594 3613; x_wconf 80' lang='lat' dir='ltr'>Erasmicum</span> <span class='ocrx_word' id='word_1_263' title='bbox 627 3550 748 3625; x_wconf 88' lang='lat' dir='ltr'>stilum,</span> <span class='ocrx_word' id='word_1_264' title='bbox 770 3550 826 3630; x_wconf 86' lang='lat' dir='ltr'>qui</span> <span class='ocrx_word' id='word_1_265' title='bbox 848 3548 1020 3630; x_wconf 88' lang='lat' dir='ltr'>singularis</span> <span class='ocrx_word' id='word_1_266' title='bbox 1050 3553 1109 3624; x_wconf 87' lang='lat' dir='ltr'>est,</span> <span class='ocrx_word' id='word_1_267' title='bbox 1140 3548 1235 3628; x_wconf 89' lang='lat' dir='ltr'>longe</span> 
     </span>
     <span class='ocr_line' id='line_1_35' title="bbox 104 3633 1233 3717; baseline 0.001 -23"><span class='ocrx_word' id='word_1_268' title='bbox 104 3633 231 3714; x_wconf 87' lang='lat' dir='ltr'>lateque</span> <span class='ocrx_word' id='word_1_269' title='bbox 255 3635 481 3712; x_wconf 88' lang='lat' dir='ltr'>disseminasti,</span> <span class='ocrx_word' id='word_1_270' title='bbox 506 3636 577 3717; x_wconf 84' lang='lat' dir='ltr'>plus</span> <span class='ocrx_word' id='word_1_271' title='bbox 601 3657 649 3698; x_wconf 92' lang='lat' dir='ltr'>me</span> <span class='ocrx_word' id='word_1_272' title='bbox 672 3636 756 3698; x_wconf 88' lang='lat' dir='ltr'>felici</span> <span class='ocrx_word' id='word_1_273' title='bbox 777 3634 877 3698; x_wconf 87' lang='lat' dir='ltr'>Beato</span> <span class='ocrx_word' id='word_1_274' title='bbox 902 3633 1014 3697; x_wconf 92' lang='lat' dir='ltr'>debere</span> <span class='ocrx_word' id='word_1_275' title='bbox 1037 3633 1115 3713; x_wconf 86' lang='lat' dir='ltr'>dixi,</span> <span class='ocrx_word' id='word_1_276' title='bbox 1138 3653 1233 3714; x_wconf 87' lang='lat' dir='ltr'>quam</span> 
     </span>
    </p>
   </div>
   <div class='ocr_carea' id='block_1_6' title="bbox 104 3813 309 3823">
    <p class='ocr_par' dir='ltr' id='par_1_6' title="bbox 104 3813 309 3823">
     <span class='ocr_line' id='line_1_36' title="bbox 104 3813 309 3823; baseline -0.005 -4"><span class='ocrx_word' id='word_1_277' title='bbox 104 3813 309 3823; x_wconf 30' lang='lat' dir='ltr'>*a*</span> 
     </span>
    </p>
   </div>
   <div class='ocr_carea' id='block_1_7' title="bbox 103 3917 1236 4600">
    <p class='ocr_par' dir='ltr' id='par_1_7' title="bbox 103 3917 1236 4600">
     <span class='ocr_line' id='line_1_37' title="bbox 173 3917 1235 4055; baseline -0.005 -16"><span class='ocrx_word' id='word_1_278' title='bbox 173 3918 543 4042; x_wconf 57' lang='lat' dir='ltr'>:attentatum</span> <span class='ocrx_word' id='word_1_279' title='bbox 558 3918 709 4055; x_wconf 60' lang='lat' dir='ltr'>lauat?</span> <span class='ocrx_word' id='word_1_280' title='bbox 730 3917 1116 4040; x_wconf 47' lang='lat' dir='ltr'>helmuinus,</span> <span class='ocrx_word' id='word_1_281' title='bbox 1133 3999 1166 4036; x_wconf 67' lang='lat' dir='ltr'>n</span> <span class='ocrx_word' id='word_1_282' title='bbox 1184 3983 1235 4035; x_wconf 69' lang='lat' dir='ltr'>a„</span> 
     </span>
     <span class='ocr_line' id='line_1_38' title="bbox 106 4050 1234 4122; baseline -0.002 -17"><span class='ocrx_word' id='word_1_283' title='bbox 106 4055 247 4122; x_wconf 77' lang='lat' dir='ltr'>Ausgnbeu</span> <span class='ocrx_word' id='word_1_284' title='bbox 273 4055 332 4107; x_wconf 88' lang='lat' dir='ltr'>Joh.</span> <span class='ocrx_word' id='word_1_285' title='bbox 362 4055 476 4110; x_wconf 76' lang='lat' dir='ltr'>frobens</span> <span class='ocrx_word' id='word_1_286' title='bbox 504 4058 530 4109; x_wconf 88' lang='lat' dir='ltr'>in</span> <span class='ocrx_word' id='word_1_287' title='bbox 557 4056 643 4110; x_wconf 85' lang='lat' dir='ltr'>Basol.</span> <span class='ocrx_word' id='word_1_288' title='bbox 714 4055 777 4108; x_wconf 78' lang='lat' dir='ltr'>⁸M.</span> <span class='ocrx_word' id='word_1_289' title='bbox 801 4058 869 4108; x_wconf 86' lang='lat' dir='ltr'>estzt</span> <span class='ocrx_word' id='word_1_290' title='bbox 891 4055 942 4106; x_wconf 89' lang='lat' dir='ltr'>den</span> <span class='ocrx_word' id='word_1_291' title='bbox 966 4053 1016 4106; x_wconf 88' lang='lat' dir='ltr'>mit</span> <span class='ocrx_word' id='word_1_292' title='bbox 1039 4052 1165 4106; x_wconf 86' lang='lat' dir='ltr'>debemus</span> <span class='ocrx_word' id='word_1_293' title='bbox 1190 4050 1234 4103; x_wconf 89' lang='lat' dir='ltr'>be-</span> 
     </span>
     <span class='ocr_line' id='line_1_39' title="bbox 104 4119 1236 4190; baseline -0.004 -16"><span class='ocrx_word' id='word_1_294' title='bbox 104 4138 239 4186; x_wconf 81' lang='lat' dir='ltr'>gonnanen</span> <span class='ocrx_word' id='word_1_295' title='bbox 268 4123 410 4190; x_wconf 78' lang='lat' dir='ltr'>Vorgleich</span> <span class='ocrx_word' id='word_1_296' title='bbox 438 4125 486 4177; x_wconf 88' lang='lat' dir='ltr'>mit</span> <span class='ocrx_word' id='word_1_297' title='bbox 514 4126 599 4177; x_wconf 83' lang='lat' dir='ltr'>eiuorn</span> <span class='ocrx_word' id='word_1_298' title='bbox 627 4124 775 4177; x_wconf 85' lang='lat' dir='ltr'>Schuldner</span> <span class='ocrx_word' id='word_1_299' title='bbox 792 4124 846 4176; x_wconf 91' lang='lat' dir='ltr'>und</span> <span class='ocrx_word' id='word_1_300' title='bbox 864 4122 1004 4190; x_wconf 76' lang='lat' dir='ltr'>Gliiubiger</span> <span class='ocrx_word' id='word_1_301' title='bbox 1027 4121 1084 4174; x_wconf 82' lang='lat' dir='ltr'>fort.</span> <span class='ocrx_word' id='word_1_302' title='bbox 1154 4119 1236 4170; x_wconf 78' lang='lat' dir='ltr'>⁴1ur</span> 
     </span>
     <span class='ocr_line' id='line_1_40' title="bbox 104 4187 1235 4246; baseline -0.004 -4"><span class='ocrx_word' id='word_1_303' title='bbox 104 4191 146 4244; x_wconf 87' lang='lat' dir='ltr'>Br.</span> <span class='ocrx_word' id='word_1_304' title='bbox 167 4192 201 4243; x_wconf 81' lang='lat' dir='ltr'>ist</span> <span class='ocrx_word' id='word_1_305' title='bbox 218 4191 292 4243; x_wconf 88' lang='lat' dir='ltr'>nicht</span> <span class='ocrx_word' id='word_1_306' title='bbox 316 4193 441 4246; x_wconf 86' lang='lat' dir='ltr'>orlmlteo.</span> <span class='ocrx_word' id='word_1_307' title='bbox 478 4193 540 4246; x_wconf 82' lang='lat' dir='ltr'>Eub.</span> <span class='ocrx_word' id='word_1_308' title='bbox 569 4193 671 4245; x_wconf 84' lang='lat' dir='ltr'>llossus</span> <span class='ocrx_word' id='word_1_309' title='bbox 697 4192 778 4245; x_wconf 83' lang='lat' dir='ltr'>nabin</span> <span class='ocrx_word' id='word_1_310' title='bbox 806 4191 852 4244; x_wconf 90' lang='lat' dir='ltr'>ihu</span> <span class='ocrx_word' id='word_1_311' title='bbox 879 4189 977 4243; x_wconf 87' lang='lat' dir='ltr'>Herbst</span> <span class='ocrx_word' id='word_1_312' title='bbox 1004 4190 1069 4242; x_wconf 86' lang='grc'><strong>1518</strong></span> <span class='ocrx_word' id='word_1_313' title='bbox 1096 4188 1145 4239; x_wconf 91' lang='lat' dir='ltr'>mit</span> <span class='ocrx_word' id='word_1_314' title='bbox 1167 4187 1235 4238; x_wconf 86' lang='lat' dir='ltr'>nach</span> 
     </span>
     <span class='ocr_line' id='line_1_41' title="bbox 106 4254 1235 4321; baseline -0.002 -11"><span class='ocrx_word' id='word_1_315' title='bbox 106 4259 204 4311; x_wconf 81' lang='lat' dir='ltr'>waon</span> <span class='ocrx_word' id='word_1_316' title='bbox 230 4261 286 4312; x_wconf 91' lang='lat' dir='ltr'>und</span> <span class='ocrx_word' id='word_1_317' title='bbox 310 4261 416 4313; x_wconf 84' lang='lat' dir='ltr'>broolito</span> <span class='ocrx_word' id='word_1_318' title='bbox 443 4262 486 4313; x_wconf 87' lang='lat' dir='ltr'>eiu</span> <span class='ocrx_word' id='word_1_319' title='bbox 513 4261 769 4314; x_wconf 77' lang='lat' dir='ltr'>Autwortschroiben</span> <span class='ocrx_word' id='word_1_320' title='bbox 795 4261 842 4312; x_wconf 84' lang='lat' dir='ltr'>dus</span> <span class='ocrx_word' id='word_1_321' title='bbox 860 4259 985 4311; x_wconf 81' lang='lat' dir='ltr'>Erasmus</span> <span class='ocrx_word' id='word_1_322' title='bbox 1003 4273 1036 4309; x_wconf 88' lang='lat' dir='ltr'>an</span> <span class='ocrx_word' id='word_1_323' title='bbox 1053 4256 1163 4321; x_wconf 84' lang='lat' dir='ltr'>Mutian,</span> <span class='ocrx_word' id='word_1_324' title='bbox 1181 4254 1235 4308; x_wconf 90' lang='lat' dir='ltr'>dut.</span> 
     </span>
     <span class='ocr_line' id='line_1_42' title="bbox 103 4324 1235 4395; baseline -0.004 -17"><span class='ocrx_word' id='word_1_325' title='bbox 103 4327 175 4380; x_wconf 77' lang='lat' dir='ltr'>low.</span> <span class='ocrx_word' id='word_1_326' title='bbox 197 4329 235 4381; x_wconf 80' lang='lat' dir='ltr'>ll&#39;.</span> <span class='ocrx_word' id='word_1_327' title='bbox 256 4328 314 4382; x_wconf 88' lang='lat' dir='ltr'>Okt.</span> <span class='ocrx_word' id='word_1_328' title='bbox 336 4327 742 4392; x_wconf 73' lang='lat' dir='ltr'>1518(zuorstin130b.Hessi</span> <span class='ocrx_word' id='word_1_329' title='bbox 768 4327 968 4395; x_wconf 86' lang='lat' dir='ltr'>Hodoeporicon</span> <span class='ocrx_word' id='word_1_330' title='bbox 991 4324 1044 4379; x_wconf 72' lang='lat' dir='ltr'>arr.</span> <span class='ocrx_word' id='word_1_331' title='bbox 1065 4324 1139 4389; x_wconf 75' lang='lat'>1519,</span> <span class='ocrx_word' id='word_1_332' title='bbox 1167 4324 1235 4374; x_wconf 87' lang='lat' dir='ltr'>daun</span> 
     </span>
     <span class='ocr_line' id='line_1_43' title="bbox 105 4389 1235 4464; baseline -0.004 -19"><span class='ocrx_word' id='word_1_333' title='bbox 105 4395 130 4446; x_wconf 87' lang='lat' dir='ltr'>in</span> <span class='ocrx_word' id='word_1_334' title='bbox 152 4395 212 4449; x_wconf 84' lang='lat' dir='ltr'>Eub.</span> <span class='ocrx_word' id='word_1_335' title='bbox 232 4395 311 4448; x_wconf 84' lang='lat' dir='ltr'>Hessr</span> <span class='ocrx_word' id='word_1_336' title='bbox 329 4397 393 4464; x_wconf 79' lang='lat' dir='ltr'>Epp.</span> <span class='ocrx_word' id='word_1_337' title='bbox 412 4398 492 4452; x_wconf 88' lang='lat' dir='ltr'>famil.</span> <span class='ocrx_word' id='word_1_338' title='bbox 511 4397 593 4464; x_wconf 84' lang='lat' dir='ltr'>Murp.</span> <span class='ocrx_word' id='word_1_339' title='bbox 613 4397 679 4449; x_wconf 78' lang='lat'>1543</span> <span class='ocrx_word' id='word_1_340' title='bbox 698 4413 721 4464; x_wconf 92' lang='lat' dir='ltr'>p.</span> <span class='ocrx_word' id='word_1_341' title='bbox 740 4396 802 4464; x_wconf 77' lang='lat'>256)</span> <span class='ocrx_word' id='word_1_342' title='bbox 821 4394 877 4448; x_wconf 88' lang='lat' dir='ltr'>mit.</span> <span class='ocrx_word' id='word_1_343' title='bbox 917 4393 960 4448; x_wconf 90' lang='lat' dir='ltr'>Br.</span> <span class='ocrx_word' id='word_1_344' title='bbox 978 4393 1037 4447; x_wconf 76' lang='lat'>627.</span> <span class='ocrx_word' id='word_1_345' title='bbox 1073 4392 1126 4444; x_wconf 85' lang='lat' dir='ltr'>Der·</span> <span class='ocrx_word' id='word_1_346' title='bbox 1143 4389 1235 4443; x_wconf 70' lang='lat' dir='ltr'>ascite</span> 
     </span>
     <span class='ocr_line' id='line_1_44' title="bbox 104 4459 1235 4520; baseline -0.004 -7"><span class='ocrx_word' id='word_1_347' title='bbox 104 4462 147 4516; x_wconf 80' lang='lat' dir='ltr'>Bu.</span> <span class='ocrx_word' id='word_1_348' title='bbox 167 4463 213 4516; x_wconf 89' lang='lat' dir='ltr'>des</span> <span class='ocrx_word' id='word_1_349' title='bbox 231 4463 357 4518; x_wconf 60' lang='lat' dir='ltr'>&amp;asinus</span> <span class='ocrx_word' id='word_1_350' title='bbox 374 4481 408 4517; x_wconf 85' lang='lat' dir='ltr'>un</span> <span class='ocrx_word' id='word_1_351' title='bbox 426 4465 490 4520; x_wconf 77' lang='lat' dir='ltr'>illut.</span> <span class='ocrx_word' id='word_1_352' title='bbox 510 4466 545 4518; x_wconf 84' lang='lat' dir='ltr'>ist</span> <span class='ocrx_word' id='word_1_353' title='bbox 563 4465 636 4517; x_wconf 85' lang='lat' dir='ltr'>nicht</span> <span class='ocrx_word' id='word_1_354' title='bbox 654 4464 772 4516; x_wconf 84' lang='lat' dir='ltr'>orhulten</span> <span class='ocrx_word' id='word_1_355' title='bbox 792 4465 846 4516; x_wconf 85' lang='lat' dir='ltr'>ond</span> <span class='ocrx_word' id='word_1_356' title='bbox 866 4479 889 4514; x_wconf 88' lang='lat' dir='ltr'>m</span> <span class='ocrx_word' id='word_1_357' title='bbox 936 4461 999 4514; x_wconf 88' lang='lat' dir='ltr'>Juni</span> <span class='ocrx_word' id='word_1_358' title='bbox 1012 4462 1078 4514; x_wconf 75' lang='lat'>1519</span> <span class='ocrx_word' id='word_1_359' title='bbox 1091 4477 1142 4512; x_wconf 79' lang='lat' dir='ltr'>von</span> <span class='ocrx_word' id='word_1_360' title='bbox 1154 4459 1235 4511; x_wconf 79' lang='lat' dir='ltr'>Jonas</span> 
     </span>
     <span class='ocr_line' id='line_1_45' title="bbox 105 4528 1167 4600; baseline -0.002 -19"><span class='ocrx_word' id='word_1_361' title='bbox 105 4531 330 4599; x_wconf 83' lang='lat' dir='ltr'>zurdclrgebracht</span> <span class='ocrx_word' id='word_1_362' title='bbox 355 4534 459 4586; x_wconf 78' lang='lat' dir='ltr'>worden</span> <span class='ocrx_word' id='word_1_363' title='bbox 478 4535 542 4587; x_wconf 89' lang='lat' dir='ltr'>sein.</span> <span class='ocrx_word' id='word_1_364' title='bbox 580 4533 638 4600; x_wconf 86' lang='lat' dir='ltr'>Vgl.</span> <span class='ocrx_word' id='word_1_365' title='bbox 657 4531 796 4585; x_wconf 80' lang='lat' dir='ltr'>Kranae.</span> <span class='ocrx_word' id='word_1_366' title='bbox 814 4531 876 4584; x_wconf 81' lang='lat' dir='ltr'>Eub.</span> <span class='ocrx_word' id='word_1_367' title='bbox 922 4546 972 4582; x_wconf 83' lang='lat' dir='ltr'>oss.</span> <span class='ocrx_word' id='word_1_368' title='bbox 995 4531 1014 4594; x_wconf 92' lang='lat' dir='ltr'>l,</span> <span class='ocrx_word' id='word_1_369' title='bbox 1032 4529 1090 4582; x_wconf 71' lang='lat'><strong>⁶295.</strong></span> <span class='ocrx_word' id='word_1_370' title='bbox 1108 4528 1167 4580; x_wconf 85' lang='lat'>301.</span> 
     </span>
    </p>
   </div>
   <div class='ocr_carea' id='block_1_8' title="bbox 139 4593 1225 4671">
    <p class='ocr_par' dir='ltr' id='par_1_8' title="bbox 139 4593 1225 4671">
     <span class='ocr_line' id='line_1_46' title="bbox 139 4593 1225 4671; baseline -0.01 -20"><span class='ocrx_word' id='word_1_371' title='bbox 139 4599 350 4668; x_wconf 75' lang='lat' dir='ltr'>⁶Strassbnrger</span> <span class='ocrx_word' id='word_1_372' title='bbox 368 4601 597 4671; x_wconf 82' lang='lat' dir='ltr'>Rechtsgelehrter</span> <span class='ocrx_word' id='word_1_373' title='bbox 615 4603 635 4669; x_wconf 85' lang='lat'>†</span> <span class='ocrx_word' id='word_1_374' title='bbox 656 4601 731 4654; x_wconf 78' lang='lat' dir='ltr'>loos.</span> <span class='ocrx_word' id='word_1_375' title='bbox 770 4599 833 4668; x_wconf 66' lang='lat' dir='ltr'>ugr.</span> <span class='ocrx_word' id='word_1_376' title='bbox 848 4599 914 4652; x_wconf 60' lang='grc' dir='ltr'><strong><em>Μ</em></strong></span> <span class='ocrx_word' id='word_1_377' title='bbox 935 4599 1003 4650; x_wconf 52' lang='grc' dir='ltr'>λλ</span> <span class='ocrx_word' id='word_1_378' title='bbox 1016 4593 1187 4647; x_wconf 44' lang='lat' dir='ltr'>abab&amp;</span> <span class='ocrx_word' id='word_1_379' title='bbox 1197 4593 1225 4638; x_wconf 62' lang='lat' dir='ltr'>t.</span> 
     </span>
    </p>
   </div>
   <div class='ocr_carea' id='block_1_9' title="bbox 0 0 1399 4966">
    <p class='ocr_par' dir='ltr' id='par_1_9' title="bbox 0 0 1399 4966">
     <span class='ocr_line' id='line_1_47' title="bbox 0 0 1399 4966; baseline 0 0"><span class='ocrx_word' id='word_1_380' title='bbox 0 0 1399 4966; x_wconf 95' lang='lat' dir='ltr'> </span> 
     </span>
    </p>
   </div>
  </div>
 </body>
</html>
