2774 4966
420 29 1377 299 Ε-

179 629 241 698 174
550 632 639 686 Briere
656 648 708 686 von
727 628 904 687 mos-rur.

174 804 307 885 virginis
329 805 441 867 matris
471 805 632 886 reputavit
661 824 767 867 secum
799 802 973 867 utilitatem
1006 802 1153 867 eoelestis
1175 807 1209 867 et
1230 803 1306 885 pias

170 888 404 970 philosophiam
435 891 466 951 in
491 910 554 970 qna
583 910 733 970 praesens
762 893 838 951 est·
861 888 1028 960 medicina,
1060 889 1124 951 imo
1154 908 1305 969 praesen-

170 975 305 1047 tissima,
323 975 446 1036 cunctis
469 974 566 1037 animi
591 975 719 1036 nostrib
742 972 861 1036 morbis
883 973 1021 1035 remedia
1042 972 1303 1037 subministrans.

169 1058 250 1121 Nam
275 1065 309 1120 ut
335 1080 432 1120 unum
462 1082 500 1120 ox
531 1059 639 1120 nrultis
667 1059 820 1138 proferam
850 1058 1066 1120 testimonium
1097 1056 1192 1139 hujus
1219 1058 1304 1121 veri·

170 1145 258 1217 tatis,
293 1144 358 1205 heri
394 1143 484 1205 valde
519 1142 743 1206 stomachabar
771 1150 801 1204 et
824 1164 920 1223 supra
954 1143 1081 1205 modum
1114 1162 1209 1223 aegre
1242 1142 1305 1206 tuli

170 1228 312 1290 fraudem
349 1229 659 1290 testamentariorum
691 1229 776 1290 senis
803 1225 1039 1302 Rhodomanni,
1067 1248 1160 1307 quem
1184 1228 1305 1292 nudius

171 1314 287 1375 tertius
310 1313 472 1394 sepeliere,
519 1313 696 1376 Habitabat
718 1335 735 1375 e
758 1312 887 1392 regione
910 1310 1166 1392 Tranquillitatis
1194 1333 1303 1377 casam

171 1398 341 1460 ruinosam.
388 1396 548 1460 Continuo
572 1419 680 1479 preces
697 1398 822 1460 divinas
838 1418 891 1459 ore
906 1397 1056 1459 volvebat
1073 1396 1305 1481 mussabatque

173 1488 209 1544 ut
232 1482 390 1564 perfectus
414 1482 598 1545 monachus.
644 1482 678 1545 ln
703 1483 788 1545 omni
812 1483 879 1544 vita
896 1481 957 1544 luit
973 1482 1120 1563 religiosa
1143 1482 1305 1547 munditia

171 1569 382 1648 castitatequo
417 1568 590 1647 praeditae,
625 1572 656 1630 et
690 1589 760 1630 curn
796 1574 881 1629 esset
913 1567 1046 1629 cottidie
1080 1566 1191 1629 mortis
1223 1588 1305 1631 suae

172 1673 301 1727 memor,
338 1653 512 1715 custodivit
547 1650 691 1714 nonnihil
725 1653 876 1732 pecuniae
906 1651 946 1713 ad
976 1654 1136 1733 impensas
1169 1650 1303 1716 funeris.

172 1735 334 1817 seuquid
365 1758 427 1799 non
458 1737 555 1801 audet
588 1739 829 1799 testamentaria
863 1736 970 1799 fraus?
1014 1737 1070 1799 lsli
1105 1735 1304 1802 fraudulenti

172 1823 382 1903 heredipetae,
422 1824 512 1903 quasi
551 1820 629 1884 nihil
664 1822 835 1903 reliquerit,
868 1821 998 1884 chorum
1032 1821 1098 1884 suis
1132 1822 1305 1903 stipendiis

172 1908 371 1982 defraudant,
406 1929 502 1987 quum
537 1928 684 1987 suprema
714 1907 863 1970 voluntas
887 1907 944 1969 viri
967 1907 1052 1969 senis
1072 1905 1103 1967 X
1124 1928 1238 1971 aureos
1261 1908 1305 1972 ad

173 1992 288 2054 solatia
305 1993 377 2054 cleri
395 1992 512 2073 templo
528 1992 689 2074 legaverit.
733 1991 898 2055 Praeterea
914 1992 995 2055 clam
1012 1996 1171 2073 occupant
1187 1992 1306 2057 domus

173 2077 324 2140 utensilia
348 2083 378 2140 et
401 2079 635 2158 pauperrimum
659 2075 756 2140 fuisse
783 2081 963 2140 causantur.
1009 2075 1054 2139 De
1084 2082 1151 2139 tam
1181 2077 1305 2157 insigni

172 2162 337 2225 mendacio
360 2166 392 2224 et
416 2162 546 2242 perfidia
578 2162 757 2243 loquebar⁰
787 2184 858 2225 curn
888 2161 1000 2224 Paul0¹
1033 2167 1174 2242 ternpore
1202 2182 1305 2226 cenae

174 2269 236 2310 non
261 2248 329 2309 sine
349 2247 436 2327 justa
459 2248 596 2327 quadam
621 2249 842 2310 commotione.
888 2246 950 2310 Sed
981 2268 1048 2308 eam
1084 2245 1178 2309 hodie
1210 2246 1304 2312 Psal-

171 2355 293 2395 morum
318 2333 475 2395 medicina
498 2333 629 2395 sedavit
675 2332 808 2395 [rectum
831 2353 969 2412 namque
984 2336 1047 2394 est:
1075 2330 1305 2413 „Thesaurisat

172 2423 204 2481 st
236 2420 372 2496 ignorat,
404 2419 454 2480 cni
485 2418 694 2498 congregabit
724 2417 795 2480 ea“:
829 2417 912 2499 quod
947 2416 1089 2479 referred
1123 2421 1230 2499 potest
1262 2419 1304 2482 ad

171 2502 393 2565 Rhorlomanni
411 2503 598 2566 custodiam.
630 2502 707 2564 Tam
724 2504 807 2565 enim
824 2525 954 2583 rapaces
969 2507 1045 2564 sunt
1057 2505 1303 2581 testamentarii,

172 2594 208 2650 ut
239 2589 306 2669 ipse
338 2587 468 2649 debeam
500 2588 577 2651 milri
610 2589 767 2669 principes
798 2589 881 2650 viros
904 2589 934 2650 in
959 2587 1032 2649 lidei
1066 2587 1304 2651 commissarios

175 2673 310 2754 deligere
343 2671 391 2734 vel
422 2675 529 2754 potius
552 2672 630 2735 nihil
654 2673 838 2754 relinquere.
884 2672 1048 2735 Xaureos
1078 2677 1110 2735 st.
1141 2674 1303 2749 utensilia,

173 2780 253 2839 quae
278 2780 395 2839 pauper
418 2758 526 2820 multis
549 2759 642 2820 annis
669 2759 799 2838 genium
823 2780 914 2820 suum
947 2757 1138 2820 defraudans
1171 2757 1304 2839 collegit

172 2864 228 2924 pro
261 2843 457 2905 celebrandis
495 2844 625 2919 inl'eriis,
660 2865 696 2906 ea
729 2844 838 2905 furtim
873 2843 1002 2905 vulturii
1041 2843 1208 2924 dissipant.
1255 2842 1303 2906 De

172 2928 422 2991 testamentariis
460 2951 532 2991 vero
571 2928 712 3009 loquitur
745 2929 797 2991 ille
830 2927 1017 2990 versiculus:
1056 2926 1188 3009 „Nonne
1223 2928 1303 2992 deus

172 3015 310 3095 requiret
343 3013 429 3075 ista‘?
464 3014 530 3095 ipse
564 3015 646 3076 eninr
683 3016 772 3077 novit
806 3013 995 3075 abscondita
1029 3012 1132 3075 cordis
1165 3013 1299 3077 nostri.“

172 3099 279 3162 Habes
316 3099 455 3161 remedia
492 3098 746 3161 conturbationis
784 3098 958 3161 hesternae.
1005 3098 1091 3173 Quae
1125 3098 1196 3161 ideo
1230 3120 1302 3181 per-

172 3184 293 3266 scripsi,
318 3189 354 3246 ut
376 3184 435 3247 sub
459 3184 596 3265 exempli
619 3185 801 3247 narratione
830 3190 862 3244 te
892 3184 1033 3245 hortarer
1060 3184 1099 3244 ad
1132 3182 1299 3248 lectionem

171 3269 405 3332 ecclesiasticae
428 3269 624 3348 disciplinae,
648 3290 744 3350 quam
767 3270 846 3331 adeo
869 3267 977 3332 Picus²
1001 3269 1121 3331 amavit
1142 3273 1175 3331 st
1191 3270 1300 3348 coluit,

171 3360 208 3419 ut
233 3361 316 3417 esset
339 3355 421 3417 inter
444 3354 660 3417 nobilissimos
690 3355 816 3417 divinus
848 3359 951 3430 homo,
983 3355 1065 3417 inter
1097 3354 1301 3418 doctissimos

171 3441 288 3513 aetatis
319 3461 394 3502 suae
425 3461 576 3520 magnum
606 3439 802 3502 miraculum.
848 3438 1017 3501 Enarravit
1051 3438 1212 3502 Psalmum
1245 3438 1300 3503 llll

171 3525 310 3588 Thomas
332 3545 461 3606 quoque
483 3522 597 3601 mous,³
614 3525 641 3587 si
658 3546 747 3587 meus
764 3546 848 3587 nuuc
865 3524 927 3586 dici
942 3528 1059 3604 potest,
1083 3525 1139 3604 qui
1155 3530 1301 3588 mortuus

171 3616 234 3689 est3
258 3632 356 3673 unum
380 3614 476 3690 atque
500 3611 633 3673 alterum
658 3609 830 3691 exposuit.⁸
877 3610 993 3671 Horum
1016 3630 1147 3690 sequere
1164 3611 1301 3691 vestigia

172 3702 205 3759 et
228 3696 434 3758 consimiliter
456 3696 581 3777 attinge
604 3701 636 3757 et
658 3697 798 3777 perspice
822 3700 854 3757 et
876 3695 1000 3776 explica
1023 3716 1113 3756 sacra
1136 3694 1300 3776 eloquia·

171 3783 265 3863 nugis
299 3780 535 3862 proverbiorum
573 3781 708 3843 omissis.
754 3780 894 3856 Quarum
927 3802 975 3841 me
1005 3780 1103 3861 pudet
1137 3781 1298 3862 pigetque,

173 3868 299 3950 quoties
322 3867 435 3947 sopitis
458 3866 604 3929 sensibus
628 3866 720 3928 derrm
745 3867 850 3928 adoro.
891 3864 957 3945 Ego
974 3866 1127 3927 constitui
1144 3866 1298 3929 rationem

171 3953 349 4016 studiorum
374 3953 493 4032 ingenii
509 3957 540 4015 et
556 3951 719 4015 doctrinae
735 3949 773 4013 ad
791 3952 940 4032 pietatem
960 3950 1132 4013 inflectere:
1159 3950 1301 4031 nihilque

241 4154 254 4180 a
269 4142 308 4189 ost
326 4137 388 4202 fehlt
406 4137 448 4187 aa·
466 4136 540 4187 uus.
610 4141 625 4175 b
638 4136 718 4187 nostri
736 4136 799 4201 schir
816 4135 858 4186 bei
878 4135 949 4186 aas.
1020 4134 1173 4202 clorprvhor·
1193 4134 1267 4187 urea.

173 4212 187 4248 (ἰ
203 4208 290 4259 rclvrri
312 4207 385 4257 lives.
456 4204 566 4269 eclogia
586 4204 658 4255 Terre.

244 4278 251 4307 ¹
269 4275 294 4327 S.
314 4276 348 4326 ‘24
366 4277 396 4326 A.
408 4276 430 4326 3.
485 4275 495 4305 ²
517 4274 571 4324 l'on
582 4271 726 4324 Mirandola
744 4273 763 4331 ’ἱ-
776 4272 848 4325 llil-t.
868 4271 1017 4323 l'latouilrcr
1032 4271 1058 4322 in
1068 4269 1185 4337 Florvua,
1204 4271 1301 4324 aulotzt

173 4345 296 4395 hurnnror
313 4342 401 4394 Askot.
431 4342 514 4393 lssrrtor
524 4341 613 4391 soirren
624 4340 753 4392 Scluilten
765 4341 876 4391 bohndot
887 4340 943 4389 sich
955 4340 1022 4390 auch
1034 4339 1092 4391 eine
1104 4339 1303 4407 l‘orbssserung

173 4412 220 4464 dor·
236 4411 535 4476 Psalrneniilursctzung
553 4410 599 4460 der
616 4408 786 4475 Septuaginta
809 4408 888 4459 sowie
906 4406 1061 4474 lloptaplus,
1079 4409 1137 4459 (sine
1154 4408 1302 4474 mystisohs

173 4479 325 4547 Auslegnng
343 4480 389 4530 dor
407 4478 523 4530 Gerrosis.
554 4476 615 4528 lton.
639 4478 710 4527 trun.
782 4478 792 4506 ‘⁸
811 4475 888 4537 Wolf,
913 4476 960 4527 der·
983 4476 1166 4541 Strassbnrgcr
1188 4474 1303 4539 Freund,

211 4550 235 4598 7,
255 4549 312 4599 tlkt.
334 4548 400 4599 ronst
419 4546 552 4615 (laureo).
591 4546 624 4596 Fr
642 4544 752 4596 orlrlr‘nte
771 4546 820 4595 den
844 4546 881 4596 lr'r.
900 4543 1001 4595 l‘salnr:
1022 4544 1141 4603 Densius,
1154 4544 1215 4611 quis
1227 4544 1304 4597 habi·

232 4618 239 4665 t
258 4616 283 4667 iu
302 4615 469 4669 tabernaculo
488 4624 540 4668 ruo.
568 4617 673 4681 argent.
694 4611 767 4665 1508.
823 4611 880 4664 ‘ln
898 4612 985 4663 seiner
1002 4610 1195 4665 Enarratiodes
1207 4612 1304 4669 lal’s
