2774 4966
371 40 375 49 ι

370 56 375 69 i

359 100 365 115 .
385 39 1339 259 -

129 589 192 652 644
475 590 527 642 lter
544 588 691 658 gedruckte
712 563 904 641 Brielwecbsel.

133 783 225 825 onem
249 782 432 843 quanquam
456 761 494 825 de
517 761 596 824 facie
618 761 816 843 incognitum
848 781 954 824 amore
989 759 1205 842 prosequitur.
1231 765 1270 824 ut

86 857 89 861 ’
133 849 304 912 maximam
322 847 464 910 laborum
485 854 602 929 partem
621 848 707 911 solus
719 848 823 923 obeat,
836 847 932 930 idque
944 847 1041 928 (quod
1054 848 1086 910 in
1100 847 1269 911 causidico

133 940 200 996 tum
237 934 404 1015 praecipue
443 933 633 997 Romanensi
668 934 860 997 rarissimum
894 939 954 1010 est)
977 934 1128 1013 gratuito.
1175 933 1268 1010 Quo·

132 1022 214 1084 circa
237 1019 293 1082 ubi
315 1026 352 1080 ut
375 1040 465 1102 spero
489 1019 632 1102 Capuion
656 1019 874 1100 triumphabit,
911 1019 994 1082 baud
1026 1019 1127 1082 multo
1158 1021 1267 1082 minus

133 1105 364 1187 l'anderviggio
397 1105 526 1169 debebit
560 1127 653 1187 quarn
688 1105 808 1168 Tbeseo
843 1104 1001 1168 Hercules.
1047 1105 1150 1186 Hujus
1185 1126 1266 1169 con-

86 1217 88 1220 ·
133 1192 307 1255 tubernalis
343 1190 497 1255 Martinus
532 1192 723 1274 Groningus,
755 1199 786 1254 et
814 1192 882 1273 ipse
911 1191 1172 1273 jurisconsultus,
1206 1192 1265 1255 sed

132 1299 263 1360 graecae
296 1278 514 1360 politiorisqne
537 1277 720 1342 literaturae
742 1278 835 1358 longe
858 1277 989 1353 doctior,
1022 1277 1157 1342 Oculare
1180 1275 1266 1359 Spa·

130 1365 237 1428 culum
269 1364 458 1428 latinitatet
488 1364 628 1440 donavit,
657 1364 753 1446 idque
776 1387 812 1426 eu
835 1363 874 1426 de
896 1385 1017 1426 caussa.
1064 1363 1141 1427 Cum
1179 1364 1267 1428 forte

130 1451 259 1515 fortuna
280 1449 495 1531 theologistici
527 1461 745 1532 procuratores
769 1451 809 1513 ab
832 1448 976 1513 auditore
1012 1451 1181 1514 cardinalis
1215 1453 1267 1514 in-

130 1537 326 1599 stantissime
349 1537 539 1599 sententiam
573 1542 726 1617 peterent,
760 1536 948 1600 obtulerunt
983 1541 1127 1600 cacatum
1162 1538 1265 1601 istum

131 1620 368 1686 Coloniensium
391 1622 533 1685 libellum
568 1622 825 1705 Propositionum
855 1629 890 1685 ut
917 1623 978 1703 ipsi
1008 1622 1099 1703 ajunt
1131 1623 1170 1686 de
1198 1623 1265 1687 tide

130 1714 347 1790 suspectarum
365 1714 397 1771 et
415 1708 493 1771 male
517 1712 699 1772 sonantium
716 1710 748 1772 in
765 1706 901 1789 Speculo
925 1705 1062 1780 Oculnri.
1085 1729 1264 1792 superque

129 1795 289 1858 sententia
312 1794 452 1858 ferratur.
501 1795 762 1877 Vanderviggius‚
779 1795 834 1874 qui
850 1797 941 1875 quasi
960 1795 1060 1858 oculis
1075 1805 1231 1865 cerneret.
1249 1797 1264 1835 ¹³

128 1882 154 1944 si
179 1879 210 1942 id
232 1881 329 1957 fieret,
354 1903 392 1944 ne
410 1879 552 1944 Salutem
575 1881 700 1962 quidem
724 1881 862 1963 ipsam,c
887 1882 914 1943 si
937 1880 1041 1957 vellet,
1059 1903 1134 1944 suas
1152 1888 1263 1963 partes

128 1988 251 2030 servare
285 1987 387 2047 posse,
422 1968 548 2049 excepit
580 1973 725 2050 oportere
759 1968 797 2029 de
829 1967 990 2030 volumine
1024 1966 1262 2033 Reuchliniano

128 2058 207 2127 toto,
240 2073 302 2115 non
334 2053 365 2115 in
397 2051 499 2116 frusta
521 2060 627 2117 secato
660 2053 764 2135 (quasi
798 2051 911 2135 Pelope
939 2059 1022 2116 esset
1050 2060 1106 2117 ant
1136 2053 1262 2137 Hippo-

128 2138 253 2219 tytusd)
287 2139 497 2220 pronunciari.
551 2139 654 2221 Atque
689 2138 729 2202 ad
763 2160 858 2201 unam
893 2139 1001 2202 barnoQ
1035 2141 1259 2220 exceptionem

129 2235 283 2306 tanquam
295 2225 333 2287 ad
347 2246 467 2288 sacram
485 2224 655 2289 anchoram
673 2231 740 2288 tum
758 2225 1004 2306 confugiendum
1022 2230 1098 2288 erat.
1131 2225 1260 2291 Placuit

130 2310 161 2373 id
184 2310 321 2374 auditori
344 2317 376 2374 et
399 2311 444 2374 ita
466 2309 533 2374 fieri
557 2311 702 2375 decrevit.
749 2309 844 2373 Solus
859 2317 936 2374 tnnc
953 2311 1062 2374 aderat
1086 2311 1255 2384 Martinus,

130 2399 183 2479 qui
219 2397 489 2478 interpretationis
523 2419 604 2461 onus
637 2401 826 2479 acceptaret.
887 2398 927 2460 Et
960 2397 1088 2461 tametsi
1124 2397 1252 2462 Bremae

131 2489 235 2554 natus.
259 2484 314 2545 ubi
338 2482 517 2546 dialectosf
538 2483 770 2547 Reucbliniana
793 2505 902 2565 parum
934 2485 1010 2546 trita
1040 2488 1098 2559 est,
1131 2485 1254 2567 egregie

130 2569 249 2632 muneri
274 2590 330 2632 suo
353 2569 516 2632 satisfecit.
561 2569 714 2633 Jacobum
746 2569 1018 2650 Questenbcrgum
1050 2572 1259 2650 persuasissi-

131 2677 215 2718 mum
251 2654 352 2718 babeo
385 2656 432 2718 vel
468 2655 551 2718 fama
583 2655 643 2719 tibi
677 2656 849 2736 cognitum.
896 2655 1083 2719 Diutissime
1117 2678 1259 2739 namque

130 2740 249 2805 Romae
281 2747 423 2804 versatus
457 2763 493 2804 eo
527 2743 728 2806 auctoritatis
760 2743 912 2823 pervenit.
945 2747 980 2805 ut
1009 2742 1040 2803 in
1078 2741 1257 2807 scribarum

132 2828 337 2908 diplomatum
385 2828 643 2908 pontificalium⁸
680 2827 799 2902 ordine,
838 2849 930 2909 quem
971 2828 1256 2893 honoratissimum

130 2933 197 2976 csse
221 2934 281 2976 non
306 2914 443 2993 ignoras
468 2935 572 2995 parem
596 2916 649 2976 vix
673 2914 798 2986 habeat,
832 2914 1096 2994 quemadmodum
1122 2920 1155 2978 et
1179 2917 1260 2980 Ger-

129 3021 239 3063 manos
261 3000 373 3074 omnis,
389 3001 403 3038 ¹¹
427 3006 585 3081 quotquot
607 3000 725 3063 Romae
747 3004 832 3075 sunt,
861 3000 1038 3064 eruditione
1067 2999 1259 3082 longissime

128 3085 297 3149 antecellit.
350 3084 532 3166 Stephanus
564 3092 669 3150 autem
705 3086 854 3160 nostrus,
888 3091 923 3149 ut
958 3086 1103 3149 Caesaris
1135 3087 1261 3152 sollici-

128 3176 261 3234 tatorem
283 3172 381 3240 decet.
404 3173 435 3235 in
461 3194 576 3253 magna
598 3174 681 3254 apud
706 3179 867 3236 senatores
899 3173 1030 3236 omnish
1063 3180 1259 3255 purpuratos

128 3258 373 3333 existimatione,
396 3259 499 3338 gratia
523 3258 652 3321 mirifice
684 3257 789 3339 pollet.
837 3258 1006 3322 Galatinus
1040 3261 1143 3340 patria
1178 3260 1259 3341 llyr-

127 3344 330 3422 rbacbinus,i
359 3345 486 3407 natione
510 3344 650 3426 Epirota,
675 3345 781 3420 latine,
811 3365 930 3424 graece,
962 3344 1137 3408 hebraicek
1168 3347 1259 3410 chal-

127 3429 280 3511 daiceque
313 3430 555 3507 eruditissimus,
576 3431 641 3511 jam
673 3435 751 3497 tum.
787 3451 857 3493 cum
894 3452 953 3513 ego
990 3430 1093 3494 adbuc
1133 3430 1257 3497 Romae

128 3537 238 3592 essem,
263 3517 293 3578 in
319 3516 531 3579 defensionem
555 3517 727 3599 Capnionis
752 3516 886 3579 scribere
902 3519 1063 3600 inceperat
1079 3519 1256 3600 conarique

129 3603 352 3674 demonstrare,
380 3605 486 3666 omnia
510 3606 609 3666 nostri
633 3602 790 3684 dogmatis
809 3605 955 3684 mysteria
978 3607 1009 3666 in
1033 3601 1256 3668 'lbalmudicis

128 3688 342 3751 voluminibus
366 3688 497 3751 haberi'
546 3689 689 3771 Dumque
712 3710 769 3769 ego
794 3690 993 3756 discederem.
1025 3690 1132 3752 (lacem
1163 3693 1256 3754 coln·

129 3774 215 3838 mina
237 3775 384 3838 absoluta
406 3781 496 3838 erant
519 3775 706 3857 dicebatque
729 3796 892 3856 superesse
915 3776 1087 3838 faciunda¹
1115 3776 1160 3857 (ni
1187 3800 1253 3840 rne-

127 3861 226 3924 moria
259 3860 349 3923 labor
361 3867 394 3935 n¹)
427 3861 531 3924 adbuc
561 3867 641 3924 octo.
688 3861 744 3923 His
767 3863 903 3943 itaqueu
935 3863 1126 3942 Argonautis
1158 3884 1253 3945 spero

127 4000 331 4007 ——.-.

196 4063 345 4116 *latinitati
368 4063 467 4129 caepe.
521 4066 654 4115 bcmrcret
674 4062 773 4130 θεῖμεν.
827 4063 939 4132 cipsum
961 4063 1060 4132 Gerbo:
1112 4064 1252 4132 dllpppo·

126 4133 189 4186 litus
208 4134 316 4198 Autopr.
337 4137 383 4185 aut
401 4131 559 4199 llp'ppolrtus
579 4137 649 4183 osset
661 4133 755 4199 Apopr.
809 4134 902 4186 eliano
921 4151 1000 4187 unam
1019 4136 1113 4202 appr.
1172 4136 1251 4187 sdia-

127 4201 210 4254 lectus
232 4201 330 4268 Oeiytn.
384 4202 609 4268 apontificialiunr
633 4201 731 4267 θήρη.
780 4207 898 4255 honines
916 4205 1013 4271 Apopr.
1062 4203 1253 4271 lllyraclrinus

127 4273 223 4338 Apopr.
293 4271 423 4322 lebraice
453 4272 548 4337 Apotst.
624 4272 764 4324 llacicnda
787 4288 923 4340 superesse
949 4275 1044 4340 Apopr.
1114 4286 1135 4313 ω
1149 4273 1175 4324 ni
1195 4290 1252 4324 me-

127 4342 209 4391 moria
226 4339 298 4391 labor
317 4340 378 4404 fehlt
396 4339 438 4390 bei
458 4340 557 4405 (lcr'pcr.
627 4355 642 4381 ¹¹
657 4340 736 4406 igitur
754 4341 848 4408 dpopr.

197 4407 295 4475 ¹Opus
318 4410 364 4460 toti
389 4409 546 4460 clnistinnnc
572 4409 679 4476 reipubl.
709 4412 823 4461 maximo
842 4409 905 4462 utile
924 4411 955 4462 dc
974 4411 1076 4463 arcanis
1102 4411 1250 4463 catholicae

176 4477 246 4529 'tatis
273 4481 322 4531 cto.
360 4478 490 4529 llrtbounc
520 4477 597 4529 rnaris
628 4478 701 4531 1518.
739 4479 812 4530 Naclr
834 4479 996 4546 Geigch.
1016 4482 1073 4534 atta.
1112 4479 1250 4532 l'ollendet

229 4565 258 4602 cs
277 4550 300 4605 l.
321 4547 391 4620 Sept.
415 4550 487 4603 loru.
524 4546 598 4601 llocli
617 4546 653 4600 ist
671 4546 728 4600 ciue
751 4551 827 4614 tiraq.
849 4549 935 4600 dieses
961 4548 1055 4600 labrcs
1081 4548 1248 4602 zuciialhalt

221 4637 270 4694 ng,
290 4620 358 4695 Opp.
378 4621 456 4678 Hutt.
476 4618 571 4692 Suppl.
588 4617 626 4687 u,
641 4618 687 4672 bl.
