2774 4966
547 626 651 680 hiuttae
670 641 704 678 an
724 622 823 680 Urban.
1182 629 1245 695 40¹7

195 801 378 875 Venerabili
394 803 522 855 Urbano
538 803 733 864 presbytero,
750 803 819 853 viro
837 801 964 853 cordato
982 803 1014 852 et
1031 802 1181 862 tmprtmie

379 889 511 948 erudito,
528 902 584 939 suo
602 889 785 940 amicissimo
803 887 857 953 (Μ.
875 885 996 954 Rufus).

230 998 261 1063 S.
307 998 341 1065 Si
365 1000 403 1064 de
424 1004 480 1065 tua
503 1000 564 1064 tide
588 1005 619 1063 et
638 1000 757 1082 judicio
780 1000 969 1077 dubitarem,
993 1021 1097 1081 neque
1116 999 1245 1067 Janum¹

124 1087 236 1167 penori
259 1088 291 1150 et
313 1087 472 1169 marsupio
507 1087 758 1169 praeposuissem
792 1108 894 1168 neque
926 1085 1010 1150 hunc
1039 1088 1142 1168 ipsum
1177 1108 1246 1153 cum

126 1169 262 1236 lidemo¹
286 1179 317 1236 te
340 1173 501 1238 hortatore
525 1178 688 1236 mutarem.
734 1172 806 1236 Tibi
829 1173 921 1237 eredo
937 1177 968 1236 et
985 1172 1102 1236 credidi
1126 1192 1247 1254 semper

125 1263 158 1321 et
180 1263 247 1321 tum
271 1261 396 1323 credere
419 1259 571 1336 desinam,
595 1280 665 1324 cum
690 1259 816 1342 spirare.
863 1258 967 1341 Caput
990 1266 1095 1322 antem
1112 1263 1162 1322 est
1176 1256 1245 1336 hoc,

126 1344 210 1425 quod
234 1352 264 1407 te
288 1347 467 1409 meminisse
490 1367 526 1408 ac
549 1346 705 1409 trutinare
737 1345 847 1408 velim:
879 1349 1002 1426 gratum
1034 1345 1099 1408 lore
1130 1351 1245 1408 novum

124 1430 425 1509 administratorem,
443 1433 470 1496 si
486 1436 590 1495 scorta
608 1453 669 1495 non
687 1433 805 1512 attigit.
843 1431 926 1495 Nam‘
940 1437 1047 1495 castus
1062 1433 1105 1495 sit
1120 1453 1247 1495 necesse

125 1520 183 1592 est,
221 1518 274 1598 qui
312 1518 485 1599 tranquille
522 1517 606 1581 volet
639 1519 751 1580 vivere.
808 1518 848 1581 ht
881 1517 934 1580 ubi
969 1518 1057 1581 canis
1094 1518 1247 1581 intestina

125 1600 292 1684 gustavit,⁸
315 1611 476 1668 momento
500 1605 601 1686 vergit
618 1604 649 1666 in
666 1604 763 1667 imum
788 1603 871 1666 dulci
895 1604 977 1667 malo
1001 1603 1160 1667 delinitus.
1201 1603 1246 1666 De

124 1687 206 1752 Jano
240 1710 312 1753 vero
343 1691 389 1754 sic
419 1690 479 1754 tibi
508 1690 705 1773 persuadeas,
738 1711 806 1752 eum
845 1691 960 1761 omnia,
993 1711 1073 1770 quae
1108 1690 1148 1753 ad
1181 1711 1244 1753 rem

123 1773 309 1839 familiarem
335 1780 422 1840 tuam
447 1776 661 1859 pertinebunt,
685 1797 807 1840 summa
823 1775 989 1856 vigilantia
1005 1782 1037 1839 et
1052 1774 1245 1858 infatigabili

125 1863 347 1943 procuratione
370 1863 611 1944 diligentissime
635 1862 802 1925 lecturum.
848 1860 923 1925 Sive
945 1862 1027 1924 enim
1058 1862 1142 1926 domi
1172 1866 1246 1925 tuae

124 1947 282 2011 tornanda
305 1948 505 2029 dolendaque
528 1949 569 2014 sit
593 1949 734 2023 materia,
759 1947 880 2011 labrum
904 1947 1037 2011 habebis
1060 1949 1151 2031 qnasi
1167 1947 1245 2011 Dae-

124 2032 241 2110 dalum,
265 2034 330 2097 sive
353 2036 494 2118 pagatim
518 2057 631 2098 census
655 2040 686 2097 et
707 2056 835 2098 annona
857 2033 1050 2098 coenobialis
1080 2034 1244 2115 exigenda,

124 2119 366 2184 circumvolabit
407 2121 502 2184 alatis
542 2120 683 2202 pedibus.
749 2120 891 2200 Denique
925 2120 963 2182 ad
998 2122 1105 2184 omnia
1137 2121 1244 2183 munia

123 2211 253 2286 paratus
276 2207 336 2270 erit
357 2212 453 2288 atque
476 2213 624 2271 armatus.
670 2207 779 2289 Neque
812 2206 891 2270 illud
923 2206 1039 2270 idcirco
1073 2207 1133 2270 tibi
1164 2207 1243 2284 dico,
1338 2266 1341 2273 .

123 2291 207 2374 quod
231 2290 305 2355 Jani
328 2315 429 2358 mores
452 2293 654 2377 inexplorati,
684 2293 738 2357 sed
760 2298 797 2356 ut
820 2293 990 2375 perspicies
1017 2293 1153 2374 negotiis
1180 2294 1244 2356 tuis

122 2398 215 2459 quam
242 2379 319 2442 meis
350 2380 551 2443 inertissimis
573 2380 648 2443 otiis
670 2379 833 2459 aptiorem.
879 2378 923 2441 Eo
947 2384 993 2443 est
1017 2388 1112 2444 natus
1140 2380 1243 2460 genio,

123 2469 158 2527 ut
190 2486 310 2546 semper
341 2467 459 2549 aliquid
491 2472 566 2548 agat
598 2466 732 2546 usuique
763 2466 934 2528 domestico
969 2467 1127 2529 inserviat.
1172 2465 1242 2529 Non

122 2550 221 2632 igitur
243 2552 461 2629 exturbamus,
485 2553 539 2616 sed
563 2552 751 2616 honoratum
788 2551 1014 2632 laudatumque
1045 2551 1243 2623 dimittimus

122 2638 306 2719 praesertim
342 2639 379 2701 ad
416 2643 448 2702 te
480 2639 608 2721 pietatis
647 2638 755 2701 ducem
795 2644 828 2700 et
864 2639 1057 2718 signiferum,
1095 2659 1242 2701 romanae

122 2723 288 2786 facundiae
302 2725 474 2805 principem
488 2731 584 2805 atque
598 2724 815 2799 architectum,
827 2724 878 2787 cui
892 2746 954 2786 non
968 2725 1072 2787 minus
1083 2724 1243 2805 jucundus

122 2809 183 2873 erit
209 2814 240 2873 et
269 2832 369 2885 carus,
393 2833 486 2892 qnam
516 2813 636 2893 optimo
664 2810 792 2873 domino
821 2831 929 2874 servus
958 2811 1106 2890 optimus.
1152 2810 1242 2886 Quod

122 2901 228 2959 autem
254 2896 394 2959 timidior
417 2902 465 2960 est
491 2898 638 2973 Adamus,
667 2918 760 2978 quam
783 2901 821 2960 nt
843 2896 960 2959 seroces
991 2917 1089 2977 equos
1116 2896 1243 2960 domare

121 3002 158 3044 ac
174 2981 347 3045 terroribus
363 2986 395 3045 et
412 2983 505 3047 minis
528 3005 724 3065 compescere
741 2983 850 3064 possit,
866 2982 985 3045 nullum
1003 2982 1240 3046 indedamnum

121 3071 177 3131 aut
200 3067 260 3131 sibi
284 3075 340 3131 ant
363 3068 440 3132 mihi
462 3070 631 3133 emerserit.
676 3068 747 3132 Non
771 3069 803 3131 in
827 3068 1013 3132 fortitudine
1036 3069 1107 3151 eqni
1131 3068 1243 3131 volun·

120 3157 218 3217 tatem
254 3154 385 3218 habebit
417 3177 517 3237 neque
549 3157 579 3219 in
603 3155 693 3219 tibiis
725 3154 784 3219 viri
817 3156 896 3219 bene
930 3154 1079 3238 placitum
1114 3155 1174 3219 erit
1201 3155 1240 3217 ei.

121 3239 207 3303 Satis
238 3240 342 3304 officio
373 3241 585 3323 respondebit,
617 3243 643 3305 si
674 3244 803 3304 sanctus
832 3246 864 3304 et
895 3245 1079 3305 mansuetus
1101 3245 1133 3304 et
1156 3240 1241 3306 mitis

120 3331 218 3389 nutus
242 3330 274 3390 et
296 3332 427 3392 renutus
450 3327 563 3391 heriles
585 3327 810 3391 observaverit.
857 3327 1021 3410 Proprium
1048 3347 1160 3390 munus
1184 3331 1241 3403 eet,

120 3418 157 3475 ut
187 3412 321 3476 obsonet
353 3413 436 3476 bona
464 3415 534 3485 lide,
565 3413 643 3477 nihil
667 3415 716 3476 sui
739 3413 893 3477 commodi
928 3414 1039 3497 gratia,
1072 3413 1126 3475 sed
1157 3434 1241 3476 com·

121 3499 260 3561 muniter
290 3505 374 3562 emat
410 3506 441 3563 ct
468 3501 550 3563 sciat
581 3499 785 3563 christianam
808 3503 840 3561 et.
862 3499 1098 3582 pythagoricam
1133 3521 1241 3562 cenam

121 3585 277 3648 instruere
302 3590 334 3648 et
356 3587 528 3649 amicorum
552 3587 658 3649 omnia
681 3608 749 3648 esse
771 3585 975 3649 communia.⁴
1020 3585 1104 3648 Bene
1127 3586 1241 3648 valeas.

121 3669 255 3735 Gothae.
303 3671 360 3735 Ad.
386 3671 450 3735 Cal.
476 3671 597 3754 Apriles
620 3669 789 3734 MDVIXX.

273 3773 334 3826 Cod.
353 3772 418 3827 Frui.
438 3773 496 3827 284.

122 3943 214 3997 Gotho.
645 3928 716 3993 335.
959 3943 1017 4012 (ror
1033 3944 1057 3998 4.
1076 3944 1148 4013 Apr.)
1168 3942 1241 3997 1514.

493 4056 638 4125 hlutiun
660 4076 708 4125 an
730 4054 869 4125 Urban.

117 4182 260 4250 (Xepolr'an
280 4186 396 4235 rrr'insrlrt
415 4204 462 4237 ron
482 4185 517 4237 M.
536 4205 571 4237 nn
592 4186 634 4237 (Ire
650 4186 791 4238 Brea-nna·
817 4187 891 4253 (trag.
921 4185 1044 4252 ,lyricola
1069 4183 1124 4237 rrrrd
1147 4183 1239 4237 rtarrn.

117 4252 247 4305 Kennrler
273 4253 418 4320 errqrfolrlcu
436 4272 471 4306 ru
491 4256 596 4310 urrclcn,
619 4255 653 4306 dn
671 4255 787 4306 eruebat
813 4255 918 4322 er'nr'pcn
944 4254 1057 4306 anderen
1078 4253 1121 4305 die
1142 4253 1241 4320 (lortius

118 4321 212 4374 Scheria
240 4321 365 4374 bottcher
394 4324 449 4375 soll.
495 4323 548 4375 Der
566 4324 667 4390 qcr'm‘e
692 4324 779 4376 h'clrrlo
799 4323 845 4375 hol
868 4324 924 4374 dein
947 4322 1042 4384 danus,
1066 4322 1112 4374 der
1134 4322 1182 4388 [ἄν
1202 4320 1239 4374 ll.

125 4390 275 4443 l'rlrtunlten
294 4391 435 4457 einlrurrsen
452 4392 531 4453 sollte,
549 4393 609 4445 lain
630 4341 694 4445 dnn
713 4392 826 4461 gegeben.
861 4391 931 4445 Bittc
954 4393 1003 4445 das
1025 4391 1118 4460 :Yutiya
1140 4407 1239 4444 erraru-

120 4490 338 4596 —Tnga‘n
358 4531 415 4583 sao.
487 4530 564 4584 *ru
583 4530 693 4583 rannus
713 4529 813 4595 vinus,
831 4532 883 4583 nat
901 4531 941 4583 28.
960 4533 981 4583 r
1001 4529 1033 4582 ru
1058 4527 1175 4598 pruna)
1198 4527 1240 4580 ner

115 4597 155 4650 Μ.
177 4597 227 4652 ein.
254 4597 314 4668 Vgl.
334 4598 377 4654 Br.
395 4600 454 4651 341.
489 4599 551 4652 Sein
570 4599 782 4668 urspriinglicher
799 4598 885 4653 Name
905 4615 959 4653 wer·
1019 4598 1043 4653 b.
1107 4595 1240 4665 ”Sprioh

116 4669 188 4721 nort
199 4683 248 4721 aus
260 4667 366 4722 Theocr.
387 4667 463 4736 idyll.
481 4666 517 4720 X.
572 4668 729 4723 ‘Beliebtes
741 4667 906 4737 Sprichvrort
934 4668 986 4723 Cic.
1004 4667 1044 4721 De
1061 4667 1103 4720 on
1121 4666 1145 4734 I,
1162 4666 1242 4730 lde.
