2774 4966
131 606 172 673 8⁶2
516 604 603 661 aueo
625 622 675 662 un
694 606 870 662 isos-noe.

131 781 226 845 aiant
249 781 342 858 altro,
367 781 459 845 nobis
483 782 664 863 supplicant
686 785 718 845 et.
740 785 927 845 mutuantur
954 784 1071 845 sortem
1094 778 1154 844 snb
1178 802 1258 864 perr·

132 868 220 930 sione
253 867 380 930 fenoris.
425 868 462 929 N.
497 868 578 947 Ergo
614 868 805 931 feneratores
839 870 924 930 estis.
972 867 1011 931 bl.
1047 866 1145 930 Licet.
1191 866 1259 929 Nos

131 955 212 1016 eniar
246 954 287 1016 dii
321 976 429 1017 sarnus
453 962 484 1015 et.
506 955 551 1016 sal
576 962 684 1016 terrae.
734 954 769 1016 ll.
795 954 859 1015 lmo
890 954 1064 1033 legitimum
1090 959 1147 1016 est.
1194 952 1259 1015 Ex-

131 1040 218 1122 pedit
241 1042 333 1114 eninr,
358 1047 393 1103 al
416 1042 487 1120 quis
511 1063 541 1101 re
565 1063 622 1101 saa
646 1040 724 1101 bene
747 1047 864 1102 utatur.
914 1039 948 1102 N.
974 1039 1122 1121 Expedit,
1146 1039 1201 1101 sed
1227 1040 1256 1101 id

130 1129 185 1188 liat
211 1127 278 1187 sine
302 1126 410 1193 fraude
435 1128 548 1188 lintris.
596 1126 719 1189 Fratres
735 1147 844 1189 samus
860 1147 979 1197 earnes,
1004 1126 1258 1201 austoricensi,

131 1234 194 1274 aaa
217 1212 277 1275 lide.
301 1213 410 1275 renati.
457 1212 567 1292 ltaque
591 1212 710 1293 pejores
734 1213 810 1274 estis
832 1213 972 1287 ludaeis,
1002 1214 1055 1293 qai
1080 1212 1120 1273 ab
1144 1209 1259 1274 alieui-

131 1299 220 1378 geais
243 1304 367 1361 tardum
391 1320 501 1361 usuras
526 1299 661 1360 creditae
678 1301 829 1379 pecuniae
846 1302 968 1379 petant.
1010 1298 1076 1375 „Ab
1094 1297 1148 1359 illo
1166 1299 1259 1377 exige

132 1386 274 1455 rrsrn·as'”',
299 1384 483 1447 Ambrosias
507 1385 619 1465 inquit,
647 1385 716 1463 „cui
741 1385 849 1446 merite
868 1406 977 1445 nocere
994 1384 1162 1455 desideras
1182 1385 1210 1445 b.
1230 1408 1257 1446 e.

131 1470 171 1532 ab
196 1469 285 1531 boste
309 1470 445 1550 publico,
470 1492 561 1550 sperem
587 1490 649 1532 uon
674 1470 715 1531 sit
738 1471 854 1532 crimen
871 1470 1055 1532 occider·e.“¹
1096 1471 1259 1537 Graratis.

98 1608 105 1626 .
131 1556 349 1638 exspoliatis,l
372 1556 564 1618 defraudatis
577 1577 729 1637 pauperes
739 1555 1008 1636 aobissubjectos.
1028 1554 1258 1619 Nouferemus.

131 1663 357 1723 conqueremur
393 1646 515 1704 tantam
554 1642 709 1723 iujuriam.
762 1641 802 1703 M.
838 1640 941 1704 Meum
977 1648 1025 1704 est.
1059 1663 1260 1723 perrumpere.

132 1750 236 1790 casses
260 1735 291 1789 et
314 1727 442 1809 laqueos
464 1728 577 1808 legum.
624 1728 693 1789 l'idi
710 1727 901 1809 pontificem,
919 1749 1012 1809 saepe
1029 1749 1140 1790 causas
1156 1729 1259 1801 erari,

133 1835 194 1877 nea
221 1819 324 1876 metuo
348 1813 521 1877 silvestrem
546 1814 671 1876 abbam.
719 1813 754 1875 N.
781 1813 879 1890 Facis,
901 1815 986 1893 (ruod
1002 1814 1104 1876 solent
1120 1814 1259 1877 villatici

132 1921 276 1981 pecorum
295 1900 454 1962 custodes:
480 1900 606 1976 clamas,
632 1899 743 1961 baculo
768 1901 896 1962 minaris
920 1906 1082 1981 tamquam
1104 1900 1259 1963 subulcus

131 1992 163 2049 et
186 1984 256 2047 vilis
279 1987 385 2067 opilio.
432 1987 473 2048 lit
496 1986 760 2066 quemadmodum
785 2007 895 2067 greges
923 1988 1059 2049 rusticos
1082 1986 1169 2049 nulla
1190 1986 1257 2049 cle-

132 2073 249 2134 mentia
265 2072 278 2107 l
300 2078 356 2143 aut
382 2072 579 2135 luunaaitate
603 2071 806 2151 (leglabrasti,
830 2073 922 2134 itaet
940 2073 1187 2135 nostrisovibns
1206 2072 1256 2135 lac

130 2165 163 2220 et
184 2158 290 2220 lanam
314 2158 487 2220 subducere
511 2158 621 2220 niteris
645 2163 676 2220 et
699 2158 854 2219 maximos
887 2158 1060 2239 doctosque
1093 2159 1175 2221 riros
1199 2180 1257 2241 pa·

130 2244 288 2306 storaliter
321 2244 465 2307 infestas:
499 2244 589 2324 qnasi
618 2243 698 2305 idem
723 2244 764 2306 sit
789 2249 892 2305 mutas
919 2246 1054 2325 pecudes
1078 2248 1110 2306 ot·
1131 2245 1258 2307 ratione

131 2329 289 2412 praeditos
314 2331 475 2392 moderari.
522 2328 606 2391 Terris
629 2329 773 2391 beluinos
803 2351 913 2405 mores,
945 2338 1030 2392 taara
1061 2332 1257 2412 pecuinamc

133 2416 249 2479 rabiem
264 2417 505 2478 contemnimus.
532 2415 639 2477 abbas
651 2437 738 2477 meus
750 2421 838 2478 taam
854 2417 1026 2478 amicitiam
1043 2417 1056 2452 ¹⁸
1080 2438 1141 2479 aon
1160 2439 1257 2499 quae-

131 2502 179 2565 rit.
194 2507 282 2565 tuam
297 2502 517 2564 inimicitiamb
544 2523 603 2562 noa
623 2506 720 2563 caud.
745 2502 807 2564 sed
820 2503 904 2581 qaod
917 2524 1025 2564 aarum
1040 2505 1070 2564 et
1086 2512 1256 2583 argeutum

132 2588 259 2665 relatas,
285 2594 321 2649 at
344 2588 464 2650 (liutius
487 2611 526 2649 cx
551 2591 634 2650 sorte
659 2588 764 2669 capias
796 2610 917 2661 usuras,
951 2587 1091 2668 profecto
1122 2610 1185 2651 noa
1211 2589 1226 2652 f
1243 2624 1257 2635 ·

131 2696 243 2737 remus.
290 2673 325 2735 ll.
351 2674 403 2736 sie
427 2674 491 2735 lieri
517 2673 605 2736 solet.
651 2673 689 2735 lit
714 2682 845 2755 patruus
869 2694 956 2736 meas
988 2674 1121 2738 infinitis
1153 2676 1257 2739 modis

130 2761 221 2823 nuxit
237 2756 397 2822 mutuam.
441 2759 479 2820 N.
519 2759 600 2836 Scio,
616 2766 649 2821 at
665 2760 774 2822 reddet
790 2760 896 2822 omnia
912 2759 969 2822 deo
986 2761 1027 2822 ad
1043 2761 1254 2825 novissimum

130 2846 347 2929 quadrantem.
393 2844 435 2907 at
457 2846 532 2926 qaia
564 2850 712 2927 paternae
747 2849 841 2908 uotae
875 2845 1058 2928 plerumque
1091 2849 1175 2910 natis
1204 2848 1254 2911 iu-

131 2933 270 3007 baercal,
295 2939 328 2993 ta
352 2930 475 3012 lugebis
500 2933 529 2992 ia
555 2932 751 3012 poenitentia
768 2938 799 2993 et-
815 2933 1020 2994 tristitudine.
1058 2932 1139 3007 Quid
1160 2934 1252 3015 justi,

134 3019 208 3101 quid
225 3020 325 3081 sancti
344 3025 449 3098 potest
465 3020 546 3099 apad
567 3040 621 3079 ros
638 3024 725 3079 esso?
750 3019 825 3097 quia
840 3019 945 3079 onmia
962 3020 1102 3081 converri
1118 3019 1131 3057 ‘¹
1157 3020 1255 3084 vultis

129 3126 199 3166 cam
224 3102 410 3186 pulvisculo.
435 3111 465 3165 et.
489 3126 557 3165 curn
582 3105 651 3165 sitis
675 3104 870 3166 callidissimi
894 3106 1044 3185 pecuniae
1062 3113 1093 3167 et
1109 3106 1253 3170 dolorum

131 3191 247 3254 tunicis
272 3191 477 3253 restitissimi.
501 3190 671 3252 uorainatis¹
697 3211 750 3250 ros
774 3190 818 3250 sal
844 3195 953 3251 terrra».
993 3190 1187 3254 lnl'alualam
1208 3194 1253 3255 sal

128 3278 271 3359 aporcis
303 3277 512 3338 conculcetur.
560 3276 701 3337 l'cstrura
734 3298 889 3337 sarrnnarn
919 3277 971 3355 jas
994 3278 1069 3357 qrrirl
1093 3286 1140 3340 est
1166 3279 1252 3342 alind

130 3384 223 3445 quam
248 3384 368 3425 samma
395 3363 506 3441 injuria
517 3360 547 3423 ’θ’
594 3362 680 3424 lloaa
698 3363 824 3423 nomina
842 3382 896 3424 ros
914 3363 1039 3443 pessimi
1059 3364 1253 3428 feneratores

129 3448 284 3530 decipitis,
313 3449 385 3509 ilum
411 3449 543 3511 asinarii
564 3448 643 3528 jaris
668 3448 797 3510 nimium
831 3455 955 3510 tenaces
986 3450 1070 3512 estis.
1117 3450 1170 3513 Sic
1192 3452 1253 3514 ele-

130 3557 279 3616 mosynae
302 3535 480 3596 redundant
505 3535 534 3596 iu
560 3535 756 3615 perniciem⁰
784 3534 899 3595 dunas.
945 3536 1022 3609 (tais
1051 3536 1136 3599 dedit
1162 3538 1253 3601 rabis

128 3622 266 3685 sortem?
310 3621 391 3696 Quia
415 3619 550 3683 haberis,
575 3621 658 3701 ‹prrerl
684 3641 744 3682 aea
769 3621 842 3682 oliar
867 3642 884 3682 a
909 3622 1075 3701 profaniss
1098 3622 1250 3687 rlnrratum

128 3708 191 3770 sit?
236 3707 283 3769 ab
308 3707 402 3783 lucro
431 3714 584 3787 quantam
618 3706 712 3769 liceat.
735 3714 765 3767 ct.
789 3708 894 3769 nescio
925 3706 995 3787 plus
1026 3709 1120 3772 etiam
1156 3732 1251 3791 quara

130 3794 231 3865 liceat,
256 3792 474 3856 abhorrentem
500 3816 568 3855 csse
590 3797 714 3873 eportet
747 3793 846 3854 sirum
881 3793 1025 3872 religioni
1058 3793 1252 3860 christianae

129 3880 279 3943 deditum.
319 3878 393 3957 ,list
408 3880 490 3941 euim
508 3900 569 3941 nun
589 3880 680 3941 anuto
699 3878 825 3941 liberale
842 3879 969 3958 paulam
986 3879 1024 3943 de
1037 3880 1106 3960 jure
1122 3902 1180 3944 suo
1197 3884 1251 3947 ele-

128 3966 266 4043 cedere*t
284 3965 338 4029 sed
354 3967 510 4028 interdum
525 3966 619 4027 etiarn
634 3964 861 4039 l'1·actuosara“‚
873 3972 907 4027 at
920 3965 1079 4046 eleganter
1089 3970 1252 4032 eteradite

129 4052 237 4115 (licere
261 4049 424 4134 prodidit³
469 4052 533 4113 Nec
549 4074 625 4113 sane
642 4059 688 4113 est
709 4050 938 4113 vendicandam
957 4052 1049 4114 nobis
1065 4056 1150 4134 quod
1167 4054 1250 4118 licet.

129 4138 168 4201 Μ.
193 4138 262 4201 Nau
287 4160 395 4200 saurus
419 4138 529 4217 iniqui.
552 4139 671 4199 atiarar
695 4136 797 4217 legemr
821 4143 851 4198 et
875 4159 1030 4200 canonum
1063 4144 1250 4222 praeceptis,

129 4224 164 4287 N.
189 4224 276 4286 'l'uae
291 4226 305 4261 '¹
325 4226 394 4305 jura
420 4226 528 4287 nesti?
573 4224 611 4286 M.
636 4223 814 4285 blernoriter·
836 4224 950 4286 oaruia.
995 4224 1032 4286 N.
1056 4228 1082 4289 0
1105 4226 1249 4293 frivolam

127 4309 307 4373 bestiolam!
340 4310 430 4373 Naue
456 4312 546 4373 lacile
570 4310 661 4371 creda
686 4310 838 4381 Mariano,
856 4312 904 4372 cai
922 4318 955 4372 ta
973 4333 1124 4391 arrogans
1143 4322 1252 4395 pastor

126 4416 366 4525 †seaprrlirrtis.
392 4515 417 4523 Η
438 4446 490 4496 bei
509 4452 539 4498 sl.
559 4446 586 4499 li.
669 4448 834 4525 oper-unium
857 4448 928 4525 brit.
1012 4451 1155 4502 ‹ternu-eui
1176 4452 1251 4509 aare.

127 4513 502 4706 ‘'‘ll'lfJ‘luffr-ifftiffllillu
523 4515 740 4639 rtdll-lfi'b.
759 4518 970 4653 :ilul“¹‘¹‘÷¹t⁵u
990 4521 1028 4638 nl
1040 4517 1136 4641 llll:
1151 4590 1190 4655 ιο,
1208 4588 1250 4647 aa.

212 4668 286 4705 eo.
332 4694 338 4720 ,
381 4660 397 4717 f,
451 4696 457 4707 .
