2774 4966
561 663 667 718 Mutian
684 680 719 718 an
737 663 839 719 Urban.
1196 668 1258 733 501

128 834 276 898 cucurrit.
324 836 378 898 Ait
400 834 548 900 Paulum¹
566 837 607 899 ad
624 835 743 900 Christi
760 836 896 900 natalem
914 836 1106 900 admocum
1125 837 1260 919 pecunia

126 925 304 984 venturum.
351 921 451 985 Hodie
479 921 518 984 ad
548 919 739 986 Duronium²
768 923 880 1004 legavi,
904 923 955 984 cui
978 922 1062 986 deno
1087 921 1159 986 dedi
1182 922 1259 986 Pro-

125 1006 296 1087 gnosticon
320 1011 352 1070 et
375 1006 608 1085 calendarium,
633 1011 664 1070 et
687 1007 776 1070 miris
808 1007 912 1070 verbis
947 1007 1116 1090 expalpare
1153 1008 1262 1071 studui

126 1090 307 1155 obsonium.
355 1090 477 1174 Scripsi
512 1093 608 1154 etiam
644 1090 809 1155 Schalbo.³
854 1091 888 1155 Si
920 1093 1009 1156 nulla
1042 1093 1093 1155 via
1129 1094 1263 1175 patebit,

127 1175 210 1241 dabo
238 1199 360 1240 aarum.
406 1177 450 1241 Mi
480 1176 619 1254 Urbane,
650 1179 771 1241 scribas
795 1178 832 1240 de
856 1178 981 1243 vicariis
1003 1183 1036 1241 et
1064 1177 1114 1241 dic
1146 1200 1262 1243 nomen

127 1263 279 1344 emptoris
298 1262 411 1326 vineti⁴
429 1268 462 1325 et
477 1268 633 1343 quantum
651 1263 725 1326 dare
742 1263 825 1326 velit.
851 1263 1032 1345 ·0rigenem
1048 1262 1081 1302 ⁸⁵
1105 1268 1138 1326 et
1153 1264 1264 1347 dispu-

127 1352 196 1412 tata
219 1346 406 1412 bardorum⁸
430 1348 536 1411 videre
559 1348 663 1428 cupio.
710 1347 904 1413 Commendo
927 1370 977 1412 me
999 1353 1074 1412 tuae
1099 1350 1264 1431 dignitati,

126 1434 176 1496 cui
200 1434 316 1496 devota
339 1436 522 1497 constantia
545 1434 694 1515 prodesse
717 1434 821 1508 velim,
838 1434 863 1498 si
881 1434 1009 1517 possim.
1047 1434 1133 1497 Vale.
1171 1435 1259 1499 Alias

127 1520 234 1582 stilum
270 1519 422 1582 dilatabo.
470 1519 578 1582 Bonus
612 1518 762 1582 Eobanus
790 1520 837 1582 ait
863 1540 1012 1601 sponsam
1044 1541 1114 1583 esse
1141 1519 1258 1584 forme·

127 1604 296 1681 sissimam,
330 1604 578 1679 dotatissimum,
613 1603 852 1667 castissimam.⁷
902 1602 963 1667 Sed
998 1605 1068 1680 ohe,
1104 1606 1191 1669 solus
1226 1606 1258 1670 id

127 1690 215 1753 dicit.
262 1688 432 1772 Utcunque
456 1690 508 1765 sit,
531 1690 644 1753 melius
668 1694 717 1752 est
738 1691 838 1770 gratis
854 1690 986 1768 futuere,
1004 1712 1098 1772 quam
1116 1696 1257 1755 scortum

124 1775 192 1838 sive
229 1775 440 1838 concubinam
480 1775 572 1838 alere.
628 1772 678 1838 Sit
712 1774 764 1838 iile
799 1775 875 1838 felix
909 1797 980 1838 cum
1015 1799 1088 1840 sua·
1107 1775 1256 1842 Corinna.

126 1858 255 1924 Futuat.
301 1859 367 1924 Nes
390 1881 516 1925 oremus
539 1881 594 1942 pro
618 1859 768 1924 fidelibus
791 1861 959 1924 defunctis.

279 1959 344 2014 cod.
362 1959 430 2013 Pius.
448 1959 508 2012 424.

128 2146 246 2215 (eous.)
656 2132 729 2195 435.
1039 2150 1078 2203 ru.
1099 2149 1166 2204 nov.
1188 2151 1262 2205 1514.

504 2257 648 2328 Mutian
672 2278 721 2328 an
744 2257 884 2329 Urban.

271 2384 337 2452 (Der
357 2385 472 2454 Officia!
489 2386 541 2438 soll
556 2386 600 2439 die
616 2386 786 2455 pericttb'ebe
804 2384 1002 2455 Entscterdunq
1018 2385 1119 2454 stetten.)

503 2499 544 2550 11.
563 2499 692 2551 Urbano
710 2502 755 2551 Μ.
773 2498 874 2550 Rufus

229 2608 261 2673 S.
298 2607 418 2673 Coactu
436 2610 552 2672 ameris
569 2611 677 2674 detexi
692 2611 825 2674 Eebano
841 2613 942 2673 totam
961 2608 1112 2673 fabulam.
1147 2609 1255 2688 Effice,

125 2698 163 2759 ut
185 2695 344 2759 Haltensis
367 2692 490 2759 noster⁸
513 2694 654 2760 officium
674 2696 792 2778 judicis
823 2695 1014 2758 introducat.
1060 2694 1128 2776 Ego
1159 2695 1258 2759 fidum

126 2786 159 2845 et
181 2779 300 2844 benum
325 2783 427 2844 virum
451 2782 630 2863 praestabo.
676 2782 794 2847 Datum
818 2780 918 2845 natali
940 2780 1178 2860 Helisabetano,
1202 2782 1258 2862 qui

127 2865 190 2930 fuit
211 2888 230 2929 a
253 2868 353 2949 primo
377 2865 455 2929 CCC
478 2870 601 2931 sextus.

284 2967 345 3021 Cod.
364 2965 432 3021 Frui.
453 2965 510 3021 102.

125 3152 246 3223 (Getha.)
655 3139 729 3204 436.
989 3153 1024 3222 (n.
1044 3156 1067 3206 l.
1085 3153 1155 3209 Nov.
1175 3155 1262 3223 1514.)

507 3263 651 3335 Mutian
674 3284 723 3335 an
746 3264 886 3336 Urban.

126 3379 210 3458 (tter
226 3393 275 3445 dere
293 3410 387 3446 armen
410 3393 549 3461 Expenses.
587 3394 676 3449 souin
698 3395 745 3447 bat
761 3393 810 3461 seir
827 3393 864 3445 M.
876 3393 1019 3461 jadretanp
1039 3391 1199 3461 preressrert
1224 3408 1262 3444 au

125 3460 225 3514 set'nem
251 3461 344 3530 erbum
375 3463 473 3516 t'erteil
493 3465 550 3516 eund
565 3465 638 3518 rabit
661 3463 754 3517 betereo
778 3462 927 3515 Hormine.
969 3462 1060 3516 Urbate
1077 3461 1128 3514 solt
1143 3459 1264 3514 Nr'ttard

435 3532 552 3599 arani-seu
569 3533 626 3586 und
642 3531 761 3585 Herberd
785 3531 949 3597 currebam.)

499 3647 540 3696 Η.
558 3645 687 3696 Urbano
705 3646 749 3696 Μ.
767 3644 879 3696 Rufus.

232 3753 265 3817 S.
312 3753 540 3820 Circumcurrit
568 3754 794 3840 Expenses,¹³⁹
825 3760 914 3821 totus
944 3759 978 3818 et
1006 3753 1113 3818 animo
1136 3756 1169 3817 et
1191 3775 1260 3818 cor-

128 3858 203 3921 pere
225 3862 336 3923 vagus.
381 3840 477 3906 Miser
498 3841 603 3907 hemo.
650 3841 698 3909 Tu
718 3846 862 3905 amanter
878 3844 911 3904 et
927 3841 1087 3921 sapienter
1109 3839 1260 3919 consulis,

146 4043 150 4052 Ι
195 3990 209 4017 ·
223 3975 363 4053 Originum.
435 3976 640 4044 bRuadqbsse:
667 3991 713 4045 per
735 3977 871 4045 Expenses
896 3974 1020 4044 intelligit
1046 3974 1178 4043 quendam
1203 3987 1259 4028 ma·

126 4044 587 4166 grstrrpnssepulr)lp]tpulrppppupippipnS
605 4114 632 4164 in
650 4113 789 4203 Hemberg.
825 4113 861 4165 Er
872 4112 933 4165 kam
947 4115 1000 4164 erst
1012 4111 1049 4163 im
1061 4109 1117 4163 duli
1132 4111 1199 4163 1515
1211 4109 1261 4162 mit

127 4181 161 4234 10
179 4181 218 4234 Gl.
247 4180 305 4250 Vgl.
325 4180 368 4233 Br.
388 4183 445 4234 503.
465 4184 523 4235 506.
578 4182 659 4234 ²Der
677 4182 736 4234 Ant.
764 4184 791 4235 b.
806 4182 853 4235 108
866 4183 896 4234 A.
910 4183 932 4234 1.
986 4178 1259 4246 ³CasparSehalbus,

126 4248 178 4301 Eri.
198 4249 330 4318 Magister.
368 4250 427 4315 t'gt.
446 4250 471 4302 S.
491 4251 542 4303 346
565 4254 596 4303 A.
616 4252 639 4303 6.
711 4250 817 4302 ⁴Eines
835 4248 862 4316 in
880 4249 968 4301 Err'urt
995 4247 1137 4316 gelegenen
1167 4246 1259 4299 Wein·

128 4316 219 4383 berges
237 4318 360 4370 Matiane.
398 4317 456 4385 Vgl.
476 4318 500 4370 S.
521 4320 552 4369 ³2?
572 4322 603 4371 A.
625 4321 646 4372 1.
720 4319 803 4371 ilat.
824 4310 916 4370 Ubere.
952 4317 1010 4369 Par.
1032 4315 1106 4368 1512.
1176 4314 1260 4367 “Der

126 4384 231 4438 Panser
250 4386 396 4450 Theologon
414 4402 495 4454 gegen
522 4386 658 4439 Reuchlin.
696 4386 754 4454 Vgl.
774 4387 799 4440 S.
817 4386 869 4438 499
887 4389 917 4438 A.
936 4386 961 4437 6.
1032 4382 1259 4452 ⁷Vg1.Br.43·.>.

162 4454 173 4485 ⁸
191 4453 219 4508 G.
240 4454 366 4515 Osmund,
386 4455 495 4507 Ostizial.
523 4454 549 4507 S.
569 4456 619 4507 279
637 4459 668 4507 A.
688 4455 711 4509 2.
741 4455 777 4507 Er
789 4454 864 4508 sollte
883 4454 933 4507 deu
951 4452 1062 4506 Prozoss
1074 4466 1156 4521 gegen
1169 4449 1259 4504 Schilo

127 4521 263 4576 metallan.
334 4523 420 4576 ⁹Von
449 4523 549 4575 diesem
576 4522 710 4592 Magister,
734 4523 781 4576 der
804 4523 873 4576 nach
898 4522 945 4575 der
967 4519 1130 4588 Randglosse
1153 4535 1183 4573 so
1206 4533 1260 4572 von

127 4589 214 4642 einem
238 4592 294 4644 ihm
320 4607 367 4644 zur
392 4591 566 4645 Gewuhnheit
589 4592 761 4662 gewordenen
784 4590 941 4645 Ausdrueke
962 4589 1078 4644 benannt
1099 4587 1179 4656 ward,
1201 4589 1258 4640 ent·

126 4657 217 4712 hatten
237 4660 280 4714 die
297 4659 384 4714 Briefe
403 4665 477 4714 sonet
494 4660 589 4714 nichts.
