2774 4966
128 603 192 667 604
354 600 507 659 Zerstreute
526 603 614 657 Brietc
632 619 679 656 aus
699 602 905 657 verschiedenen
924 603 1024 657 Zeiten.

133 777 220 841 frons
243 777 365 840 striata.
411 777 499 855 Vide,
522 798 616 856 quam
641 797 747 840 severe
767 774 904 857 judicem
919 788 934 815 ⁸
956 775 994 838 de
1016 774 1133 856 insigni
1150 774 1264 842 torma.

132 861 185 927 Sic
208 861 333 926 Momus
355 861 533 926 sandalium
557 861 695 925 Veneris.
710 861 744 900 ¹³¹
792 859 909 925 Statim
934 880 1096 941 concerpe.

286 961 439 1030 Autograph
457 962 503 1014 aut
519 962 565 1014 der
582 961 727 1030 Meininger
745 960 1050 1030 Gymnasialbibliothek.

133 1165 248 1234 (Gotha.)
660 1151 732 1216 537.
1076 1166 1134 1234 (um
1156 1168 1270 1238 1515?)¹

487 1277 630 1347 lllutian
654 1298 701 1347 an
724 1277 914 1365 Ebeling.⁸

133 1405 147 1466 1
152 1403 287 1469 Voncia'rse
305 1421 390 1471 weyers
403 1405 711 1472 anfreundsclmstlr'clien
730 1405 880 1457 l'erleolicna
893 1403 922 1456 in
935 1404 993 1456 dem
1006 1403 1131 1456 Ρνοκεεεε
1143 1403 1270 1457 Mutinam

134 1472 198 1524 iiber
214 1474 273 1524 sein
292 1471 377 1534 Horra,
402 1473 451 1525 das
469 1491 497 1525 er
514 1475 588 1526 arietet
605 1492 642 1526 aire
660 1475 733 1526 etrier
752 1473 887 1540 profanari
917 1471 1151 1540 Waimoteanq
1173 1472 1269 1526 taab-

133 1540 269 1608 aoraton
287 1541 374 1593 basaa
392 1543 453 1594 will.
490 1543 602 1610 Ebelinq
619 1543 695 1599 litate.
713 1547 776 1595 stati
794 1542 837 1594 dea
856 1541 940 1594 Scalae
958 1541 989 1592 in
1005 1539 1049 1592 dic
1074 1539 1270 1607 Offentltiilrkeit

296 1625 333 1661 xre
350 1609 448 1674 aretem
466 1611 597 1680 prii-otim
615 1628 673 1663 omn
692 1610 817 1664 Proaesse
835 1609 985 1663 cornetum
1003 1608 1104 1671 sallon.)

152 1722 309 1774 canonico
328 1729 360 1774 et
378 1736 487 1775 severo
505 1726 589 1786 patri
607 1723 768 1776 Bernardo
785 1723 1011 1784 Brunopolitee
1028 1723 1253 1784 philocompiae

324 1812 356 1859 et
370 1809 563 1870 jurisperito,
581 1810 681 1860 amieo
699 1809 875 1870 praestanti
893 1804 1078 1858 mutianus*

240 1918 273 1983 S.
299 1942 327 2001 p.
353 1920 381 1982 d.
429 1918 506 1985 Sero
530 1921 625 1984 nimis
648 1920 801 1995 intellexi
825 1918 1270 1994 Be1·nardedoctissime,tua

135 2025 195 2085 ope
219 2009 250 2067 et
273 2026 368 2087 opera
390 2006 478 2069 velut
501 2007 666 2088 cujusdam
692 2005 799 2086 magni
815 2004 1015 2087 logodaedali
1030 2009 1068 2067 ut
1083 2003 1270 2089 diuturnam

136 2090 182 2153 ita
204 2089 370 2154 molestam
406 2092 536 2172 produci
559 2097 592 2154 et
613 2093 762 2154 remorari
796 2089 1054 2166 controversiam,
1089 2109 1186 2170 quam
1222 2089 1272 2152 in·

141 2175 224 2257 signi
242 2175 347 2239 laesus
364 2179 556 2242 contumelia
572 2198 635 2240 non
653 2179 722 2240 sine
738 2177 892 2241 bonorum
916 2176 1048 2239 consilio
1066 2179 1099 2238 et
1113 2172 1271 2256 majorum

136 2260 316 2324 imitatione
338 2264 473 2345 suscepi,
496 2263 654 2327 adductus
676 2264 773 2327 etiam
798 2260 932 2326 honesta
962 2259 1099 2343 quadam
1131 2260 1272 2323 necessi-

139 2349 216 2424 tate,
240 2369 279 2410 ne
303 2348 415 2411 domus
438 2350 588 2412 immunis
611 2353 644 2411 et
666 2349 724 2412 deo
748 2349 854 2411 dicata
877 2346 1010 2428 profano
1033 2346 1187 2429 gynaecio
1210 2366 1270 2409 eeu

137 2432 262 2513 impuro
299 2433 500 2515 sterquilinio
538 2433 834 2498 contaminaretur.⁸
894 2433 1028 2497 Miratus
1065 2453 1134 2495 sum
1174 2430 1270 2494 vehe-

137 2522 259 2581 menter
293 2523 447 2583 mutatam
472 2522 504 2584 in
537 2525 569 2583 te
602 2519 841 2602 philosophicae
875 2519 1044 2600 dignitatis
1078 2521 1111 2580 et
1145 2537 1271 2581 morum

139 2603 278 2667 civilium
313 2605 538 2682 conditionem,
567 2612 603 2669 ut
625 2605 745 2669 oblitus
780 2611 918 2667 veterum
954 2604 1132 2667 studiorum
1157 2606 1189 2665 et
1212 2602 1273 2664 im·

137 2710 256 2752 memor
291 2690 450 2753 amicitiae
484 2692 632 2755 malueris
665 2691 704 2754 de
735 2691 841 2754 officio
875 2689 1088 2753 humanitatis
1121 2687 1273 2751 decedere

137 2780 266 2857 propter
288 2775 500 2840 alienissimos
524 2783 557 2840 et
579 2777 823 2840 nocentissimos
853 2774 1008 2851 homines,
1031 2778 1065 2836 et
1087 2772 1272 2853 tranquilli-

137 2865 239 2923 tatem
257 2861 350 2923 amici
367 2862 504 2926 turbidis
522 2861 715 2926 circatoribus
739 2861 977 2925 convellendam
1002 2859 1149 2940 objicere.
1173 2879 1271 2939 quam

138 2966 188 3008 me
221 2947 364 3022 seorsim,
394 2949 479 3029 quod
511 2948 588 3011 mihi
616 2955 741 3028 gratum
765 2955 798 3010 et
821 2947 879 3010 tibi
903 2945 1111 3010 honorificum
1145 2944 1272 3017 fuisset,

139 3030 317 3095 admonere.
362 3032 442 3097 Nam
467 3036 657 3097 auctoritate
681 3038 713 3096 et
734 3033 892 3096 industria
914 3039 971 3095 tua
993 3030 1191 3113 stupetactus
1223 3029 1273 3092 vel

140 3117 247 3199 potius
271 3117 442 3182 deterritus
467 3119 602 3183 libenter
626 3120 836 3182 intentionem
860 3117 997 3181 actionis
1027 3116 1216 3179 remisissem
1242 3120 1274 3178 et

139 3203 363 3266 sustinuissem
388 3205 522 3268 calorem
549 3210 580 3268 ct
604 3206 768 3286 impetum,
793 3211 824 3266 et
846 3208 903 3267 tua
925 3203 1069 3286 plaustra
1103 3199 1274 3264 verborum

140 3309 202 3352 non
230 3289 421 3353 fuissentin
447 3291 547 3353 forum
584 3296 741 3371 pertracta
764 3300 796 3351 et
820 3294 952 3370 uterque
987 3293 1130 3351 nostrum
1166 3285 1275 3348 minus

139 3374 220 3436 male
253 3374 385 3437 audiret.
435 3375 532 3456 „liet
566 3377 717 3456 inquiunt
740 3375 846 3449 monii,
874 3382 928 3456 „ut
951 3373 1106 3437 dimicant
1128 3372 1167 3435 de
1189 3371 1275 3434 asini
1367 3380 1377 3399 ⁶

141 3460 252 3522 umbra
288 3459 478 3542 philosophi,
511 3468 546 3524 ut
578 3461 710 3524 barbare
745 3465 878 3535 certant,
912 3465 947 3521 ut
981 3457 1095 3520 anilem
1132 3456 1274 3519 fabulam

140 3544 271 3626 agunt.“
321 3545 527 3610 Arbitrantur
543 3548 625 3609 enim
644 3546 698 3608 isti
716 3545 829 3608 curiosi
849 3567 897 3607 me
914 3543 1115 3625 respondisse
1138 3548 1276 3623 patrono

164 3764 170 3775 ·
209 3697 307 3764 ujudie
321 3740 327 3752 .
341 3738 366 3752 ..
403 3698 456 3750 Am
474 3696 567 3750 Βαναία
585 3696 742 3764 chyeriascn.
813 3699 908 3747 bvene
924 3735 930 3746 .
948 3736 973 3748 ..
1010 3693 1063 3746 Am
1087 3691 1182 3745 [tonde
1199 3690 1276 3759 chye-

140 3782 367 3904 arsamum:
388 3851 414 3886 re
426 3833 561 3886 rehendit.
590 3833 693 3885 Manius
705 3831 765 3884 land
779 3848 811 3884 an
824 3832 870 3884 der·
888 3832 980 3882 Venus
995 3846 1045 3882 nur
1056 3829 1098 3881 die
1111 3827 1275 3881 knarreudon

142 3902 272 3956 Sandalen
300 3920 333 3954 zu
360 3851 455 3955 tadoln.
492 3901 718 3977 Sprichwiirtlich¹
734 3917 785 3952 von
813 3900 883 3952 allzu
910 3896 1177 3975 strangenTadlem.
1215 3895 1276 3963 Vgl.

141 3969 276 4024 Erasmus’
307 3970 423 4039 Adagicn
453 3973 529 4022 unter
556 3969 643 4022 ltlomo
671 3969 828 4020 satisfacere.
902 3967 979 4020 tDie
1003 3967 1060 4018 Zert
1085 3966 1132 4018 des
1150 3964 1194 4017 Br.
1211 3963 1278 4016 llisst

143 4039 201 4091 sich
218 4056 265 4092 aus
284 4040 336 4091 den
360 4056 410 4092 uus
436 4039 581 4091 bekannten
609 4038 692 4089 llaten
719 4037 793 4088 nicht
820 4037 901 4088 uilior
928 4034 1096 4088 bestimmen.
1166 4031 1277 4084 ³Bem-

143 4107 242 4159 hardus
260 4107 387 4174 Ebelingli
406 4109 438 4158 de
456 4106 621 4172 Brunswigle,
640 4106 753 4157 immoti.
773 4105 798 4156 in
817 4105 867 4158 En.
887 4104 968 4156 Mich.
990 4103 1054 4155 1481
1074 4100 1277 4176 (Weisseub.

143 4176 204 4228 Ali.
223 4176 244 4239 l,
264 4177 338 4242 388);
357 4191 379 4226 a.
402 4176 478 4229 1501:
499 4174 593 4226 Bemli.
620 4173 744 4238 llbclingk
776 4171 984 4225 Brunsviecnsis.
1013 4171 1107 4238 philos.
1132 4185 1211 4237 mag..
1237 4185 1278 4220 m·

142 4245 225 4365 digdis
243 4245 344 4327 gemini
359 4244 429 4363 jurdsl
435 4244 526 4363 2baec,
539 4242 659 4362 ⁸cdllegddl
668 4242 728 4308 maj.
748 4239 1043 4362 ioilogilli'ldsscmiblii
1055 4238 1163 4360 ldiditdm
1182 4237 1277 4358 decad.

143 4314 258 4449 libelli}
262 4357 267 4367 ⁸
280 4314 451 4448 liriiropblila
466 4321 653 4447 iiidiefllm.
661 4315 732 4431 edii)1¹
733 4327 771 4429 iit
788 4324 967 4445 aibntelicbiit.
987 4380 1014 4429 et
1031 4322 1166 4429 Suebriab'.
1185 4321 1279 4442 taedibli

142 4465 232 4503 canon.
254 4449 315 4527 (Edi.
335 4448 422 4571 Matr?
495 4447 782 4525 taussemladresse.
853 4446 966 4527 ⁵Allem
988 4443 1138 4521 Ansebeine
1156 4441 1226 4519 nauli
1244 4443 1280 4494 ist

141 4533 190 4572 ron
221 4518 340 4574 liubans
368 4517 405 4574 Er
416 4519 487 4571 ulter
513 4516 603 4570 Hauso
627 4517 669 4568 dre
693 4515 774 4582 Rode,
798 4515 845 4568 das
863 4530 892 4566 er
911 4517 977 4566 1015
996 4529 1029 4568 un
1047 4527 1123 4565 ernon
1148 4525 1280 4579 gewissou

126 4586 310 4650 Nordlra'user·
326 4589 451 4647 abtrcton
470 4592 582 4646 museto.
618 4586 645 4642 S.
663 4586 724 4640 nne.
