2774 4966
419 39 1383 258 ι’-

467 102 474 121 .

161 565 227 634 550
582 560 671 617 Briefe
688 561 735 616 des
753 560 778 616 J.
797 561 871 616 1515.

163 737 231 802 Soli
253 735 312 799 deo
335 733 445 815 gloria.
489 733 561 796 lam
584 735 621 795 tu
643 731 767 796 videbis
782 753 891 797 verum
908 754 976 797 esse
991 732 1182 799 Matianum.
1222 734 1298 799 Jam

162 821 241 887 mihi
271 820 393 903 gratias
415 839 501 898 ages,
521 817 586 900 jam
608 820 641 880 te
664 817 861 881 morositatis
891 822 966 883 tuae
989 841 1026 882 ac
1048 821 1297 885 obtrectationis

164 905 350 991 poenitebit.
397 902 505 967 Voluit
538 907 686 966 aeternus
720 908 818 985 pater,
849 924 889 966 ne
911 908 1080 986 suspectus
1114 909 1202 970 esset
1234 904 1296 969 tibi

166 1014 268 1058 sermo
302 992 410 1054 noster
445 988 689 1070 objurgatorius.
746 987 760 1050 I
791 1009 877 1052 nune
909 993 941 1053 et
975 1011 1084 1054 mussa
1113 989 1297 1056 Matianum

165 1098 271 1144 carere
304 1075 374 1138 fide.
421 1073 577 1152 Quorsum
608 1071 710 1135 haec?
754 1072 873 1156 Nempe
907 1079 944 1139 nt
979 1074 1160 1140 contuearis
1191 1096 1297 1140 meam

165 1161 381 1228 innocentiam
404 1161 438 1223 in
462 1158 637 1222 clarissima
660 1158 804 1221 ueritatis
837 1158 917 1222 luce.
963 1158 1037 1224 Dixi
1072 1160 1174 1224 fateor
1206 1159 1297 1226 Croti

164 1245 285 1313 literas¹
320 1244 503 1310 minutatim
539 1246 725 1324 concerptas
763 1243 830 1325 igni
867 1243 1026 1308 ustulatas
1058 1244 1167 1310 fuisse.
1224 1245 1296 1310 Non

166 1332 325 1397 credebas.
371 1329 421 1393 bie
444 1327 627 1394 accusabas,
671 1326 858 1391 Nesciebam
893 1330 1029 1411 proferre
1063 1331 1295 1395 testimonium.

166 1418 307 1482 Tandem
332 1436 404 1477 cum
424 1413 630 1496 jurejurando
654 1433 703 1475 me
726 1433 861 1495 purgare
883 1413 1039 1492 volebam,
1070 1415 1185 1479 incidit
1214 1415 1297 1479 forte

164 1505 196 1566 irr
226 1522 341 1565 manus
374 1521 460 1562 meas
494 1497 603 1561 charta
638 1497 795 1578 quaedam
830 1498 947 1580 rejecta
977 1504 1009 1563 et
1038 1521 1190 1564 conversa
1224 1522 1296 1565 cum

164 1588 292 1670 pulvere
315 1583 560 1667 chirographum
585 1581 673 1646 Croti
696 1584 872 1646 cont-inens.
920 1583 1039 1660 Allevo,
1062 1585 1144 1668 lego,
1175 1586 1296 1669 aspicio

164 1673 293 1738 limaces
316 1692 386 1734 cum
411 1668 602 1735 domuncula
617 1690 635 1731 a
652 1689 701 1730 me
718 1668 799 1731 male
817 1668 1033 1733 deformatas.²
1072 1668 1149 1735 Sum
1166 1672 1298 1755 ineptus

164 1760 268 1840 pictor
283 1761 315 1819 et
331 1755 450 1818 excidit
466 1776 522 1838 pro
539 1754 702 1817 testudine
719 1754 808 1817 virile
830 1755 1015 1820 membrum.
1062 1755 1142 1821 Nam
1163 1756 1298 1822 noviciis

166 1844 267 1908 hortis
298 1840 415 1905 nostris
438 1841 469 1904 id
493 1839 670 1921 symbolum
699 1837 827 1920 ailigere
852 1839 948 1918 volui,
971 1847 1008 1904 ul
1031 1841 1126 1922 vulgo
1150 1843 1298 1907 nomina·

164 1934 286 1993 rentur:
319 1944 377 1997 mu
411 1923 642 2000 Shnrhrnbom.
698 1924 763 1987 Hac
795 1925 1026 1990 commaculata
1058 1927 1213 1992 schedula
1243 1951 1299 1992 ex-

165 2015 283 2078 citatus
306 2010 449 2075 subverti
472 2014 574 2072 totum
607 2008 899 2092 chartophylacium
924 2011 956 2073 in
979 2010 1113 2077 hiberno
1144 2013 1299 2084 triclinio,

165 2104 201 2163 ut
234 2117 418 2181 germanum
452 2094 604 2178 quiddam
638 2115 675 2158 ac
707 2096 860 2159 sororium
900 2098 1121 2179 perquirerem.
1168 2098 1299 2181 Reperti

166 2188 243 2249 sunt
266 2185 329 2248 duo
352 2187 461 2258 testes,
486 2202 524 2242 ne
547 2180 634 2242 solus
657 2184 757 2243 staret
789 2179 933 2264 Priapus,
966 2183 1045 2247 alter
1074 2184 1300 2266 semigraecus,

165 2271 245 2334 alter
264 2267 508 2341 semibarbarus,
523 2270 656 2345 uterque
671 2265 733 2328 fide
749 2265 874 2347 dignus.
911 2267 937 2331 0
955 2290 1010 2331 vos
1026 2269 1301 2352 auspicatissimos

165 2355 302 2431 chartas,
331 2354 403 2434 quis
436 2351 564 2416 deorum
596 2349 788 2414 defendebat
811 2373 866 2414 vos
889 2352 930 2416 ab
954 2353 1086 2418 interitu
1110 2359 1142 2418 et
1164 2353 1301 2419 favilla?

166 2441 302 2504 Periisse
334 2438 500 2522 putabam,
535 2457 605 2499 cum
640 2435 741 2501 multo
776 2437 916 2500 niaxima
944 2460 1018 2522 pars
1046 2440 1142 2504 vestri
1164 2440 1302 2504 ardebat

166 2528 199 2590 in
227 2524 401 2606 vaporario.
447 2521 539 2586 Nunc
563 2520 644 2584 bene
668 2520 773 2585 habet.
820 2521 916 2587 Salva
938 2523 1017 2589 fides
1040 2530 1149 2590 nostra
1170 2525 1304 2593 durabit

167 2614 200 2676 in
224 2608 353 2675 saecula
375 2608 583 2672 saeculorum.
630 2605 740 2672 Amen.

322 2691 383 2747 Cod.
401 2690 468 2745 lhos.
486 2691 544 2744 479.
626 2748 629 2754 ,

168 2846 283 2916 (Gom)
696 2826 768 2891 486.
915 2844 966 2912 (22.
986 2831 1048 2899 oder
1068 2846 1111 2901 23.
1128 2846 1196 2901 Mur
1213 2849 1306 2918 1515.)

542 2953 687 3024 Mutian
709 2974 758 3023 an
779 2953 920 3028 Eoban.

468 3071 670 3150 (Ubersmdunq
687 3081 789 3150 meeber
806 3082 998 3151 Eprprornnrc.)

365 3197 494 3248 bobeno
513 3201 625 3258 poetae
643 3199 737 3258 primi
754 3198 888 3249 nominis
907 3199 961 3265 (Μ.
980 3196 1102 3267 Rufus).

272 3309 379 3372 Habes
402 3310 433 3371 in
467 3309 565 3372 levem
598 3308 709 3374 Titiam
742 3308 877 3374 levicula
907 3310 1160 3393 epigrammata.⁴
1204 3310 1305 3376 Nolui

170 3416 239 3459 esse
254 3395 508 3477 loquacissimus.
547 3393 661 3458 Modus
677 3395 770 3472 enim,
789 3396 850 3458 nisi
867 3396 1050 3478 eloquentia
1065 3397 1108 3459 sit
1123 3396 1305 3473 Homerica,

171 3482 355 3544 servandus.
401 3480 572 3562 Nunquam
597 3482 685 3544 utilis
708 3481 809 3561 copia,
833 3482 895 3544 nisi
919 3503 990 3546 cum
1015 3482 1201 3545 necessaria.
1242 3483 1307 3559 Qui

170 3564 264 3629 aliter
300 3565 361 3630 sibi
399 3565 579 3646 persuadet,
617 3566 799 3630 tinnitum·
835 3566 879 3630 cit
911 3571 948 3630 ut
981 3565 1148 3631 balneator
1184 3566 1307 3650 pelvim

173 3650 314 3732 pulsans.
361 3648 445 3726 Vale,
468 3650 564 3714 salve.

324 3733 385 3787 (lod.
404 3733 470 3786 Frcf.
489 3732 548 3787 480.

170 3883 286 3953 (coms)
697 3870 769 3932 487.
1092 3885 1133 3939 aa.
1153 3883 1207 3938 rra
1228 3887 1307 3941 1515.

547 3978 692 4048 Mutian
715 3999 764 4048 an
786 3978 926 4048 Urban.

170 4087 236 4153 (Hal
255 4088 349 4141 Eoborr
365 4090 492 4144 cerso'hnt.
511 4091 557 4142 der
574 4090 688 4142 dorr'r'ber
710 4094 813 4151 africae,
838 4089 901 4141 does
919 4106 947 4140 er
963 4089 1037 4141 scine
1060 4089 1137 4142 blau
1161 4089 1310 4159 koynosip

167 4163 293 4222 paranni.
329 4157 447 4226 Aaftrap
465 4159 529 4211 uber
546 4158 605 4210 cirre
621 4158 732 4210 sr'lberrrc
748 4158 846 4210 &aaa
883 4157 933 4209 Die
945 4157 1156 4210 Besitrurlamde
1173 4157 1239 4210 eder
1255 4160 1311 4213 dan

238 4292 252 4319 ⁸
266 4277 380 4330 tinitum.

242 4347 250 4377 ¹
268 4345 327 4413 ugr.
346 4345 389 4399 Br.
410 4345 469 4398 479.
524 4347 534 4377 ²
551 4342 653 4397 blutian
672 4345 744 4397 hatte
762 4345 809 4397 auf
824 4346 875 4396 den
892 4343 967 4396 Briel
974 4344 1020 4397 des
1031 4344 1124 4398 Crotus
1133 4344 1309 4400 Schneclrsn-

170 4411 267 4467 hausei
291 4413 396 4482 gemala
423 4412 484 4466 weil
502 4429 531 4464 er
549 4413 591 4464 ein
609 4413 713 4465 solches
731 4412 840 4480 Symbol
857 4412 884 4464 in
902 4412 1003 4465 seinem
1024 4427 1109 4466 neuen
1128 4413 1226 4465 Garten
1246 4415 1308 4467 aui-

170 4480 264 4535 stellen
291 4481 386 4536 wollte.
458 4481 510 4534 ³8.
531 4481 573 4533 die
591 4480 885 4548 Datumsbestimmung
909 4481 955 4534 des
979 4495 1034 4533 vor.
1059 4479 1102 4534 Br.
1174 4480 1307 4536 ‘wabr-

160 4548 313 4607 scheirrticlr
331 4567 417 4624 gagen
435 4548 545 4621 litania,
565 4547 707 4605 rumenel
723 4548 825 4604 lnhclts
841 4549 892 4601 ule
910 4548 938 4601 'm
955 4547 998 4602 Br.
1017 4546 1077 4604 480.
