2774 4966
552 621 659 676 liutiun
676 637 711 676 arr
729 620 831 676 Urbau.
1190 618 1256 684 459

129 795 313 862 odorifero?
357 796 439 872 Quid
462 796 522 859 tibi
546 816 617 859 cum
642 800 767 872 natura,
790 815 872 876 quae
894 791 1028 876 gratiam
1046 791 1128 855 veris
1144 791 1255 855 florum

128 883 243 966 spiritu
277 881 443 946 cumulat?
494 881 600 957 Quid?
634 902 739 943 nonne
766 884 947 944 sanctorum
977 899 1049 941 ossa
1078 877 1256 941 balsamum

125 968 239 1033 olent?
282 968 396 1031 Nonne
426 967 581 1051 probatur
614 967 757 1030 suavitas
790 964 917 1029 odoris?
963 962 1062 1028 Credo
1095 969 1255 1043 receptam

126 1055 311 1118 unctionem
335 1076 354 1117 a
376 1055 484 1128 sacris,
508 1074 571 1115 non
594 1058 659 1115 tarn
684 1051 768 1133 quod
794 1051 952 1113 luctamur
968 1051 999 1113 in
1018 1049 1078 1112 hac
1095 1049 1257 1113 mundana

126 1141 285 1223 palaestra
319 1162 388 1203 curn
424 1160 518 1203 carne
549 1142 582 1201 et
612 1138 749 1213 diabole,
784 1137 815 1200 id
846 1142 895 1199 est
926 1137 1022 1200 frat-re
1056 1134 1255 1210 criminante,

129 1247 224 1307 quam
250 1225 291 1289 ob
314 1225 574 1289 suaveolentiam.
622 1223 739 1304 Accipe
760 1224 859 1304 igitur
880 1223 964 1303 grati
987 1221 1093 1285 odoris
1115 1225 1257 1301 recepta·

127 1312 232 1375 culum
256 1333 295 1374 ex
318 1316 461 1392 argento,
484 1314 520 1374 ut
535 1309 698 1373 tabificum
716 1317 789 1372 aera
811 1315 843 1372 et
865 1330 990 1372 omnem
1008 1307 1257 1388 graveolentiam

130 1418 260 1460 securus
276 1397 395 1460 evitare
411 1396 523 1480 possis.
560 1395 646 1458 Adeo
659 1394 835 1476 jucundum
851 1399 900 1458 est
916 1392 1052 1457 Bavaro¹
1069 1391 1258 1468 turibulum,

130 1488 167 1546 ut
195 1483 318 1565 puellae
353 1482 414 1545 sibi
447 1481 596 1545 sordeant
627 1486 659 1546 et
686 1502 810 1562 semper
843 1479 979 1544 olfacere
1006 1484 1039 1542 et
1067 1480 1156 1542 totus
1189 1498 1258 1541 esso

129 1589 226 1632 nasus
250 1569 367 1650 cupiat.
412 1566 542 1632 Utinam
561 1567 748 1631 versiculum
767 1565 855 1630 illum
874 1563 1110 1648 psalmographi
1126 1563 1258 1629 cottidie

128 1661 317 1718 resumeret:
345 1653 457 1735 „Eripe
480 1674 529 1715 me
553 1653 590 1715 de
614 1653 692 1731 luto,
717 1657 753 1716 ut
776 1674 840 1716 non
863 1652 997 1734 infigar;
1021 1652 1120 1717 libera
1143 1672 1192 1713 me
1214 1649 1255 1712 ab

129 1739 190 1816 his,
214 1739 270 1822 qui
291 1739 427 1803 oderunt
449 1759 509 1816 me,
533 1744 566 1801 et
588 1739 626 1801 de
650 1737 816 1820 profundis
837 1737 1021 1819 aquarum.“
1068 1735 1121 1802 Sic
1151 1756 1259 1800 osores

129 1830 162 1889 et
177 1826 343 1906 utriusque
359 1825 483 1907 generis
499 1825 657 1889 amicitias
673 1822 860 1889 inhonestas
872 1824 1111 1889 declinabimus.
1146 1821 1260 1902 Tenes,

129 1911 202 1993 quis
226 1912 268 1975 sit
290 1912 352 1975 iste
374 1910 525 1974 Bararus.

232 1997 316 2062 Tura
338 1997 506 2060 adolentur
530 2000 657 2077 propter
680 1997 833 2061 arcendos
856 1995 1037 2060 immundos
1059 1995 1200 2078 spiritus.

323 2082 485 2147 Tractatio
508 2083 746 2165 resipiscentiae
769 2084 789 2146 i.
814 2105 839 2145 e.
862 2075 1064 2161 μετανοίας.1

233 2169 321 2233 Viam
339 2169 464 2232 deviam
480 2173 609 2232 secutus
626 2190 761 2233 errorem
780 2168 971 2250 poenitendo
987 2169 1136 2250 corrigat.
1174 2165 1260 2232 Deus

133 2257 216 2321 enim
249 2256 379 2338 purgari
415 2254 561 2319 homines
594 2277 613 2318 a
648 2257 786 2336 peccatis
823 2255 962 2319 maxime
999 2256 1088 2336 cupit
1124 2251 1261 2334 ideoque

131 2342 360 2425 poenitentiam
383 2341 437 2423 agi
456 2340 557 2422 jubet.
607 2339 696 2422 „Non
720 2338 824 2418 veni“‚
848 2341 963 2424 inquit,
989 2362 1121 2423 ,vocare
1144 2338 1260 2422 justos,

132 2429 187 2494 sed
219 2430 400 2512 peccatores
433 2426 475 2490 ad
508 2427 756 2507 poenitentiam3
794 2448 875 2510 quos
908 2427 1095 2495 delictorum
1130 2445 1261 2491 suorum

132 2515 284 2597 poenitet,
309 2512 371 2576 illis
395 2516 501 2595 patere
525 2516 654 2578 constat
676 2513 812 2578 coeleste
827 2512 990 2596 reguum.“
1037 2514 1139 2597 Agere
1153 2515 1261 2577 autem

131 2599 360 2683 poenitentiam
392 2597 471 2661 nihil
494 2599 581 2663 aliud
612 2602 661 2663 est
691 2620 786 2681 quarn
817 2599 959 2682 profiteri
982 2603 1014 2664 et
1036 2598 1204 2673 affirmare,
1227 2618 1261 2660 so

131 2687 264 2750 ulterius
289 2706 352 2748 non
369 2688 582 2767 peccaturum.
628 2684 807 2750 Poeuitudo
824 2685 900 2767 quid
916 2689 965 2749 est
981 2685 1043 2749 nisi
1060 2706 1115 2768 pro
1131 2682 1262 2766 flagitiis

131 2778 164 2836 et
186 2772 325 2835 facinore
356 2774 536 2851 perpetrato
569 2769 658 2834 dolor
688 2770 857 2835 vehemens
886 2793 957 2835 cum
989 2775 1076 2836 certo
1099 2769 1262 2853 proposito

133 2880 196 2922 nou
221 2856 371 2940 peccandi
396 2878 582 2938 semperque
606 2856 685 2919 bene
707 2858 849 2940 agendi?
893 2857 1079 2940 Expetenda
1108 2863 1157 2921 ost
1183 2855 1261 2920 haec

132 2945 281 3008 omnibus
305 2943 461 3006 medicina
485 2942 590 3023 (nemo
615 2943 697 3006 enim
722 2943 859 3008 mundus
881 2966 900 3006 a
923 2949 1053 3026 peccato
1082 2966 1139 3008 nee
1168 2942 1262 3008 unius

133 3031 262 3114 quidem
288 3029 350 3091 diei
374 3028 505 3107 infans),
529 3030 678 3110 quoniam
702 3029 814 3111 majori
837 3029 984 3112 periculo
999 3035 1134 3094 vexatur
1155 3029 1263 3094 anima

132 3138 227 3198 quam
253 3135 377 3195 corpus,
400 3120 433 3177 et
456 3135 552 3196 quam
576 3115 711 3197 primum
734 3115 910 3180 latentibus
933 3115 1054 3180 morbis
1081 3114 1263 3180 adhibenda

133 3208 181 3265 est
215 3202 348 3266 curatio.
394 3199 505 3282 Neque
538 3203 622 3264 enim
650 3201 677 3265 si
708 3206 817 3266 utatur
850 3202 967 3284 aliquis
1000 3202 1162 3268 oculorum
1196 3202 1264 3266 acie

133 3289 227 3368 clara,
251 3286 401 3349 membris
424 3286 573 3350 omnibus
606 3288 749 3369 integris,
781 3290 921 3371 corporis
954 3289 1055 3352 totius
1088 3287 1264 3353 fortissima

134 3373 354 3446 valetudiue,a
386 3394 456 3435 eum
487 3372 620 3436 dixerim
649 3396 773 3452 sanum,
796 3375 823 3438 si
847 3374 996 3439 efferatur
1026 3376 1080 3456 ira,
1115 3373 1264 3457 superbia

133 3460 275 3523 tumidus
307 3459 443 3529 infletur,
476 3458 600 3522 libidini
635 3461 765 3534 serviat,
799 3461 1031 3542 cupiditatibus
1065 3461 1262 3525 inardescat:

133 3546 187 3608 sed
212 3566 282 3608 eum
308 3544 425 3625 potius,
441 3545 495 3624 qui
511 3544 551 3606 ad
567 3545 703 3607 alienam
721 3545 906 3609 felicitatem
922 3568 986 3610 non
1002 3547 1130 3611 attollat
1144 3546 1264 3621 oculos,
1330 3567 1334 3574 ·

133 3653 210 3714 opes
234 3652 297 3694 non
320 3629 504 3706 admiretur,
532 3630 668 3693 alienam
699 3631 861 3695 mulierem
892 3636 1002 3696 sancte
1034 3633 1151 3709 videat,
1184 3630 1264 3697 nihil

137 3717 268 3780 omnino
291 3719 432 3797 appetat,
456 3735 520 3778 non
544 3716 750 3798 concupiscat
772 3717 920 3794 alienum,
944 3739 1008 3782 non
1031 3718 1174 3783 invideat
1196 3717 1264 3796 ulli,

133 3824 196 3866 non
222 3801 367 3865 fastidiat
389 3822 592 3883 quemquam,
615 3801 686 3865 sitb
709 3800 848 3879 humilis,
872 3803 1058 3880 misericors,
1093 3803 1264 3884 beneficus,

135 3888 234 3962 mitis,
258 3887 426 3962 humanae,
452 3887 542 3968 cujus
567 3887 598 3949 in
623 3887 730 3951 animo
753 3909 816 3970 pax
841 3893 992 3970 perpetua
1016 3894 1166 3954 versetur.
1209 3890 1265 3955 llle

201 4021 382 4074 avalitudino.
453 4020 526 4074 bsis.

204 4091 212 4120 ¹
231 4089 281 4142 Die
298 4089 453 4156 Boziohung
470 4089 506 4142 ist
523 4089 598 4142 nieht
615 4107 648 4142 zu
664 4091 813 4144 verstoheu.
849 4091 903 4144 Iler
919 4089 1006 4144 Neruo
1023 4091 1089 4145 wird
1106 4090 1265 4147 absichtlich

135 4158 342 4226 rerachwiegen.
413 4160 423 4190 ²
441 4157 491 4210 Ein
509 4157 739 4237 Zusammeuhang
756 4159 807 4211 mit
824 4159 886 4212 dum
897 4159 1122 4229 Vorangeheudeu
1133 4160 1198 4214 ldsst
1206 4160 1265 4216 sich

134 4226 209 4278 nicht
227 4227 380 4291 entdeckon,
405 4243 481 4278 noun
499 4242 528 4278 er
544 4227 619 4278 nicht
636 4230 705 4280 otuu
721 4244 759 4280 rm
777 4228 938 4295 Gagonsatzo
956 4228 1003 4281 des
1020 4228 1094 4296 geist'
1115 4245 1147 4282 en
1172 4228 1194 4282 Ο
1213 4231 1266 4285 fara

133 4311 194 4346 zum
214 4295 393 4348 iiussorliclrou
412 4294 483 4363 liegt.
520 4295 1101 4351 1110110101111111101111001111110111111110
1137 4297 1180 4350 ein
1196 4246 1265 4352 1*οτ-

131 4363 213 4415 soheu
239 4365 285 4416 des
301 4363 491 4416 Absclnuibers
509 4379 541 4415 an
561 4363 632 4416 dioso
656 4364 737 4418 Stella
761 4373 867 4434 gersten
885 4364 939 4418 und
957 4365 1054 4417 bildete
1079 4366 1265 4434 urspriinglielr

133 4432 176 4483 eiu
205 4432 362 4485 besouderus
389 4431 468 4485 Blatt.
504 4431 737 4487 Wahrsoheiulich
764 4433 860 4486 uimmt
883 4432 917 4487 11.
942 4436 989 4486 auf
1010 4434 1265 4490 (1011111111515111

135 4499 403 4554 Erfurtersehieuano
414 4499 580 4552 Schriftchen
593 4500 688 4555 Forma
705 4505 775 4555 ruofo
793 4501 944 4570 poenitendi
963 4505 1011 4555 etc.
1031 4501 1121 4573 Bszug
1150 4503 1265 4569 Kamp-

134 4569 282 4636 suhulto,
302 4568 381 4623 Univ.
399 4567 451 4620 Erf.
469 4568 491 4636 I,
511 4567 586 4634 168),
604 4570 673 4624 daun
692 4575 760 4625 wira
776 4570 1058 4638 semermemque
1072 4584 1105 4621 01
1119 4584 1155 4621 sis
1172 4582 1291 4619 unser«

136 4636 185 4691 hor
203 4654 254 4691 von
271 4638 327 4691 ihm
345 4636 475 4692 Kenntnis
493 4636 621 4693 arhaltun.
