2774 4966
541 713 646 767 blutian
664 727 698 764 an
716 709 801 778 Lauy.
1174 707 1240 772 617

113 888 227 952 diebus
250 886 291 950 Et
313 890 417 949 tecum
449 885 527 948 totis
557 882 706 948 noctibus
734 904 803 946 esse
833 877 971 944 velim.“¹
1017 876 1142 941 Placuit
1172 876 1240 959 ipsa
1284 834 1309 869 ⁸

110 974 189 1038 mihi
225 971 351 1053 phrasis
385 974 417 1034 et
449 971 542 1034 stilus
574 968 810 1051 objurgatorius
844 965 1055 1030 exstimulans
1086 963 1125 1026 ad
1160 961 1240 1025 bene

112 1058 240 1122 vivendi
264 1057 428 1120 rationem.
450 1078 452 1082 ⁴
473 1057 585 1138 Itaque
601 1056 693 1119 salsis
711 1054 772 1118 illis
796 1049 1081 1117 declamationibus
1103 1048 1239 1129 elogium

111 1142 295 1227 hujusmodi
318 1141 459 1205 attexui:
781 1214 789 1237 ι
866 1213 872 1236 ,
1091 1219 1097 1231 ο

223 1229 386 1309 Quemque
410 1225 515 1289 colore
537 1246 605 1302 sno,
628 1225 761 1289 mordax
790 1228 960 1309 Ιερωνυμε,
974 1234 989 1263 ·
1011 1220 1127 1302 pingis,

224 1335 287 1377 non
311 1317 419 1375 tamen
442 1310 599 1375 illecebris
622 1333 783 1375 murmura
805 1315 917 1374 sancta
940 1310 1057 1372 carent.

223 1398 308 1463 Utile
332 1396 442 1478 defigit
464 1417 619 1478 generosa
641 1397 771 1460 licentia
793 1394 896 1458 calcar

223 1489 255 1547 et
278 1481 418 1546 stimulis
441 1482 561 1562 gaudet
582 1494 672 1545 mens
694 1482 780 1551 bona
802 1484 923 1563 puncta
946 1477 1018 1541 tuis

215 1569 282 1632 Hoc
305 1589 364 1648 ego
388 1567 606 1631 testimonium
632 1567 670 1630 de
693 1569 793 1649 primo
825 1564 1025 1647 potissimum
1056 1566 1143 1625 tomo
1171 1583 1241 1644 per·

113 1653 212 1716 hibui.
258 1653 293 1716 ln
317 1653 491 1717 secundum
515 1673 588 1714 vero
611 1653 704 1716 retuli
728 1650 815 1716 aliud
839 1651 1042 1745 epigramma,
1065 1646 1241 1710 delectatus

112 1739 257 1802 videlicet
282 1742 358 1802 nota
374 1738 525 1801 censoria.
571 1737 607 1799 ln
623 1738 724 1818 primo
747 1756 961 1817 παραινετικα
986 1729 1040 1795 καὶ
1062 1729 1238 1814 παραδειγ.

114 1814 234 1902 riccard
252 1845 315 1886 non
328 1826 397 1886 sine
408 1823 545 1905 satyrica
562 1822 770 1886 mordacitate
786 1821 1015 1903 complectitur.
1050 1817 1086 1880 ln
1102 1819 1241 1882 secundo

113 1911 273 1973 mordicus
296 1909 409 1989 arripit
431 1909 581 1971 Erasmus
604 1909 710 1971 nescio
733 1929 825 1990 quem
862 1905 1059 1989 plagiarium.
1093 1901 1240 1968 Carmen

112 2001 254 2059 nostrum
279 2016 335 2076 pro
359 1994 546 2057 Erasmiana
569 2015 701 2057 censura
724 1994 770 2057 sic
793 1992 907 2056 babet:

265 2080 347 2143 Fixa
370 2079 460 2160 probi
483 2078 680 2161 celebrisque
703 2079 790 2143 dedit
814 2099 946 2141 censura
969 2074 1082 2139 Batavi

309 2164 411 2228 multa
434 2165 510 2228 viris
533 2164 636 2228 doctis
659 2164 833 2241 commoda,
857 2164 959 2228 multa
981 2163 1051 2243 piis.

266 2249 413 2332 Turpiter
436 2250 562 2315 errabat
584 2249 697 2315 titulos
719 2251 873 2313 mentitus
895 2249 1066 2313 honestos·

310 2335 505 2400 Dalmaticas
528 2336 610 2400 iuter
632 2356 710 2417 grex
732 2336 856 2399 alienus
878 2357 963 2399 oves.

267 2420 425 2485 Exactum
449 2443 545 2504 pecus
568 2425 735 2486 externum
758 2443 816 2486 ceu
838 2420 968 2502 sepibus
990 2417 1074 2495 altis,

311 2528 351 2571 ne
373 2510 497 2588 repetat
518 2507 652 2585 caulam,
676 2507 787 2589 cingis,
814 2506 953 2582 Erasme,
976 2508 1074 2569 tomo.

216 2609 251 2674 ln
275 2610 356 2674 duos
376 2598 500 2689 τόμους
519 2610 654 2693 junctim
677 2610 738 2675 boc
760 2610 855 2674 modo
878 2609 954 2674 lusi:

270 2696 356 2760 Alter
378 2696 477 2761 habet
500 2718 602 2762 mores
625 2701 764 2774 sanctos,
787 2716 893 2760 moros
914 2699 1021 2760 tomus
1043 2694 1132 2773 alter,

310 2803 382 2846 cum
405 2804 464 2846 sna
486 2782 529 2847 sit
552 2781 667 2864 Cyprio
691 2782 796 2846 danda
819 2781 968 2845 merenda
989 2777 1089 2845 bovi.²

216 2865 323 2930 Voluit
351 2867 554 2931 Aristarchus
581 2872 698 2946 noster,
722 2872 758 2932 ut
780 2866 935 2931 haberent
956 2866 989 2930 in
1012 2867 1110 2930 tertia
1144 2866 1244 2931 classe

114 2950 247 3014 secundi
269 2951 349 3015 tomi
371 2954 490 3018 similes
512 2952 603 3017 labra
625 2951 793 3017 lactucas⁸
838 2950 967 3031 Scribis,
990 2953 1110 3032 optime
1126 2951 1244 3034 hange,

114 3033 321 3118 Calpurnium
359 3038 531 3103 Lanarium
565 3038 625 3103 tibi
659 3060 724 3123 non
758 3037 950 3104 satisfacere.
1004 3036 1130 3114 Nescio,
1167 3037 1244 3120 quid

114 3122 201 3186 dicat
222 3123 254 3187 in
278 3123 409 3189 scholiis
432 3125 614 3190 Desiderius
636 3130 753 3189 noster.
799 3123 909 3205 Neque
933 3123 1017 3188 enim
1033 3123 1098 3188 vidi
1114 3125 1243 3188 tertium

114 3211 245 3272 tomum.
300 3209 336 3272 ln
370 3231 433 3293 quo
466 3211 583 3293 legitur
620 3210 756 3291 epistola
792 3209 976 3291 Hieronymi
1013 3209 1054 3273 ad
1091 3229 1242 3291 magnum

114 3299 271 3358 oratorem
295 3295 383 3359 urbis
408 3296 535 3360 Romae.
582 3294 671 3360 Solet
693 3300 824 3359 sanctus
841 3301 930 3377 pater
945 3294 1029 3359 fictis
1045 3295 1092 3357 nti
1109 3295 1245 3358 nomini·

115 3378 182 3442 bue.
242 3380 325 3443 Hinc
364 3382 430 3444 nati
469 3387 544 3445 sunt
582 3380 816 3458 Abundantius,
851 3380 1035 3464 Lupicinus,
1070 3379 1246 3457 Grunnius,

115 3463 286 3528 Corocotta
325 3470 358 3528 et
390 3467 512 3547 reliqua
549 3468 674 3547 generis
711 3467 860 3549 ejusdem.
916 3465 1054 3529 Habitus
1091 3465 1245 3530 orationis

115 3548 319 3614 Erasmianae
343 3552 464 3615 nitidus
487 3558 537 3615 est
559 3557 592 3615 et
614 3553 819 3634 compositus,
843 3551 923 3616 satis
947 3572 1112 3616 nervorum
1136 3550 1244 3627 habet,

114 3634 194 3697 satis
227 3637 303 3700 item
336 3636 494 3701 libertatis
518 3659 558 3699 ne
579 3637 681 3701 dicam
716 3638 914 3701 austeritatis
936 3642 968 3702 et
990 3637 1083 3701 aceti.
1129 3637 1243 3700 Verum

115 3725 239 3782 amator
270 3723 415 3786 veritatis
444 3726 477 3786 et
505 3721 625 3786 Christi
656 3722 831 3805 discipulus
861 3722 980 3786 offendi
1002 3742 1066 3785 non
1090 3721 1195 3800 debet,
1218 3723 1246 3785 si

116 3804 192 3885 quid
212 3807 326 3869 acriter
342 3813 399 3870 aut
414 3808 553 3871 severius
570 3808 689 3872 dictum
713 3808 883 3890 aspexerit.
923 3807 1002 3870 Amo
1018 3806 1245 3888 Hieronymum

116 3893 152 3952 ut
176 3890 395 3956 doctissimum
430 3914 601 3969 censorem,
635 3913 707 3955 amo
742 3893 905 3957 Erasmum
939 3896 976 3955 ut
1005 3892 1148 3954 criticum
1183 3891 1246 3955 elo-

117 3975 372 4056 quentissimum.
427 3977 566 4059 Uterque
601 3979 650 4058 pie
683 3985 715 4041 et
748 3978 888 4042 officiosa
918 3977 1117 4041 venerandus
1140 3982 1247 4040 estut

116 4059 308 4144 sarpanas·
340 4051 547 4135 παιδεύσεως
579 4051 699 4146 rispah
749 4063 939 4144 Hieronymo
972 4063 1108 4145 contigit
1142 4085 1246 4126 emen·

116 4145 208 4208 dator
232 4151 264 4209 et
288 4147 433 4212 laudator
453 4149 713 4224 ornatissimuse
741 4149 804 4212 imo
829 4154 981 4230 patronus
1004 4149 1155 4212 adversus
1178 4146 1246 4211 Cri·

120 4291 322 4299 ---.-

184 4380 197 4406 ⁸
211 4363 342 4428 [erebum.
413 4371 427 4410 b
441 4361 511 4429 e‘e‘rup.
582 4383 594 4410 ⁰
608 4368 784 4422 onatissirnns.

188 4437 194 4464 ¹
213 4434 324 4489 Martial.
344 4435 378 4491 II.
398 4438 422 4492 5.
443 4438 453 4487 l
476 4453 514 4503 sq.
567 4438 578 4468 ¹
595 4437 691 4504 Cyprio
708 4437 769 4490 bom'
787 4437 947 4499 merendam,
966 4435 1089 4502 spriolriv.
1109 4451 1160 4487 rou
1175 4435 1247 4488 einer

116 4500 299 4571 sebmutzigcn
326 4503 461 4571 Mahlzeit,
488 4505 530 4556 die
554 4504 639 4557 sinam
667 4505 850 4573 echmntzigen
877 4505 956 4557 Gaste
983 4520 1014 4556 an
1034 4504 1146 4557 oriohtet
1172 4503 1246 4556 wird.

115 4569 200 4644 Adag.
220 4571 244 4623 d.
264 4571 365 4624 Erasm.
437 4573 534 4625 ³Vom
559 4572 788 4626 dietelbcssondon
812 4571 882 4639 Esel,
905 4574 999 4625 dassen
1017 4520 1126 4640 hippeu
1144 4588 1177 4624 zu
1195 4571 1248 4623 den

115 4635 219 4690 Drstoln
236 4655 338 4706 passeri.
374 4639 509 4694 »Gleichee
545 4639 622 4694 esellt
647 4641 705 4694 sich
731 4655 794 4694 zum
815 4640 970 4694 Gleiohsm
998 4638 1111 4690 Alteros
1125 4650 1195 4686 mss
1214 4648 1267 4695 ge·

115 4704 228 4761 braucht
245 4709 295 4761 den
313 4708 453 4762 Ausdruck
470 4708 509 4763 im
526 4657 616 4764 Ariete
634 4725 670 4767 au
687 4709 872 4766 Chromatius.
911 4706 1039 4774 thaman
1052 4705 1108 4754 uss
1191 4705 1260 4742 w
