2774 4966
416 33 1385 295 Ε-

172 602 235 669 306
584 601 671 658 Briele
689 601 735 659 des
753 603 779 659 J.
799 603 872 659 reru.

173 775 251 855 quin
275 775 306 836 et
327 776 385 836 tua
407 772 576 856 prudentia
600 775 673 840 novi
696 775 849 858 quiddam
873 779 966 839 emat.
1012 772 1183 839 Balborum
1200 795 1297 858 opera

172 880 236 923 non
253 858 396 941 equidem
415 861 544 924 omnino
560 861 709 942 despicio,
726 861 780 924 sed
796 862 902 926 nescio
918 860 1077 944 quomodo
1092 861 1296 926 doctissimus

172 946 308 1028 quisque
323 946 506 1009 contemnit.
544 945 716 1021 Musardo,¹
735 946 923 1029 philosopho
939 968 1002 1009 non
1019 946 1152 1029 vulgari,
1167 953 1294 1028 gratum

175 1030 281 1104 facito,
313 1029 409 1093 facies
439 1036 554 1108 autem,
578 1034 606 1095 si
629 1033 736 1096 literas
764 1054 850 1095 meas
883 1033 1104 1097 transmiseris.
1149 1029 1295 1099 Sabbata

172 1138 234 1181 non
257 1117 417 1180 affuerunt
439 1120 544 1181 vestri.
589 1117 758 1195 blandasti,
775 1123 811 1182 ut
830 1117 1082 1200 Engelmeunum
1104 1119 1294 1183 invocarem.

172 1202 349 1285 Imploraui,
374 1207 406 1265 et
428 1203 504 1285 quia
526 1225 589 1267 non
613 1205 732 1267 recedit
752 1226 772 1267 a
794 1203 881 1284 vulgi
904 1204 1118 1286 opinionibus,
1150 1205 1295 1287 uulgaria

170 1293 296 1352 tantum
329 1288 491 1352 succincte
524 1291 658 1367 narravi,
689 1289 774 1371 quod
807 1296 891 1353 esset
922 1311 1048 1353 summa
1080 1292 1201 1371 negotii
1232 1291 1294 1355 tibi

169 1373 266 1456 probe
289 1370 442 1453 cognite?
486 1374 568 1451 Quid
592 1375 719 1439 Lotiani
742 1381 874 1455 egerunt
891 1376 923 1438 in
941 1374 1182 1439 hoelrirchen?⁸
1220 1375 1294 1454 ,Sic

169 1461 251 1524 mala
273 1458 394 1523 radices
417 1459 513 1523 altius
535 1461 629 1525 arbor
651 1458 770 1544 agit.“⁸
815 1460 883 1524 ‘lua
911 1461 1051 1543 dignitas
1073 1462 1155 1525 belle
1177 1462 1291 1526 valeat.

324 1560 385 1614 t'od.
405 1559 470 1614 Frcl.
490 1560 547 1617 184.

170 1746 284 1818 (oona.)
691 1735 764 1800 249.
1182 1749 1292 1820 (rerer)

515 1862 658 1932 Mation
681 1882 729 1933 an
751 1862 935 1934 Harbord.

167 1988 318 2057 (roecurte
337 1991 399 2043 iiber
413 1992 531 2059 amacina
548 1991 682 2044 Habsrrclrt
699 1992 743 2043 des
759 1992 886 2045 detrimen.
922 1991 1005 2058 Fropt
1022 1989 1153 2058 spdttraelr,
1167 2006 1223 2041 rcus
1234 1989 1292 2041 eim

171 2058 352 2113 conseatur-eun
378 2061 454 2119 leste,
473 2061 530 2113 reiut
545 2061 594 2128 Iept
610 2060 684 2113 darm
707 2061 782 2114 einen
806 2061 996 2114 Rerlrtaleurulrl
1017 2076 1069 2111 sur
1092 2058 1292 2126 Reputuclrtanp

167 2143 219 2189 ror,
240 2145 284 2180 urar
303 2128 351 2180 den
370 2129 521 2196 brietlr'clren
546 2129 887 2258 Verlulrrxpapgpsgepbmrts
905 2127 1117 2198 Berispr‘eleuictt
1129 2126 1290 2194 er'asrhlosen

233 2309 414 2360 Herebordo
429 2309 509 2371 juris
527 2310 693 2370 venditori,
709 2312 770 2362 imo
789 2311 921 2370 doctori,
937 2311 998 2361 imo
1016 2309 1171 2361 uenditori
1189 2309 1222 2358 et

499 2395 619 2447 doctori
635 2398 764 2448 mirifico
782 2398 827 2448 M.
844 2396 956 2448 Rufus.

269 2502 301 2568 S.
347 2503 488 2570 Servium
514 2505 699 2590 Sulpicium,
723 2507 774 2571 cui
798 2506 934 2588 cont-igit
955 2504 1155 2587 eloquentiae
1177 2505 1288 2571 virtus.

167 2589 351 2671 priusquam
377 2591 429 2672 jus
457 2593 547 2657 civile
575 2593 748 2667 didicisset,
781 2614 844 2657 rem
873 2593 913 2656 ad
940 2592 1081 2675 privatas
1114 2611 1228 2653 causas
1257 2597 1288 2653 et

166 2674 207 2739 ad
244 2677 377 2741 oratoris
414 2679 613 2761 prudentiam
653 2680 791 2742 maxime
828 2678 1046 2753 necessariam,
1083 2676 1287 2758 objurgatum

167 2762 265 2825 t'uisse
287 2763 420 2845 legimus
443 2786 462 2827 a
484 2766 603 2841 Quinto
625 2764 737 2842 Mutio,
760 2765 815 2847 qui
832 2765 872 2828 ad
890 2764 1063 2845 legitimam
1088 2762 1287 2844 disciplinam

165 2868 258 2910 omne
292 2871 383 2913 suum
421 2851 561 2915 studium
596 2855 627 2914 et
658 2873 750 2914 usum
789 2850 976 2925 contulerat,
1010 2848 1096 2912 bisce
1132 2848 1163 2911 ni
1196 2847 1289 2911 fallor

166 2933 286 2998 verbis:
321 2941 413 3017 turpe
445 2936 571 3017 quidem
601 2958 669 3001 esse
699 2935 797 3000 nobili
822 2941 854 3000 et
876 2936 1009 3018 patricio
1032 2936 1098 2998 viro
1122 2938 1153 2998 et
1176 2956 1288 2997 causas

166 3021 273 3100 agenti
294 3021 355 3102 jus,
381 3023 499 3103 inquo
530 3028 681 3100 versatur,
712 3023 866 3103 ignorare.
912 3021 1028 3084 Eodem
1058 3020 1143 3084 dicto
1170 3025 1202 3082 te
1231 3019 1288 3082 ob·

161 3105 289 3187 jurgare
310 3128 374 3171 non
402 3128 541 3191 possum,
570 3131 640 3172 cum
664 3112 696 3171 et
718 3109 854 3172 oratoris
876 3112 909 3171 et
928 3106 1147 3188 jurisconsulti
1182 3105 1286 3169 officio

165 3193 243 3256 satis
274 3193 350 3256 mibi
378 3193 479 3257 lacere
510 3195 655 3268 videaris,
680 3195 740 3258 nisi
764 3194 848 3275 quod
873 3216 906 3256 es
929 3193 1057 3258 honoris
1080 3197 1112 3255 et
1134 3192 1286 3274 pecuniae

164 3278 259 3360 paulo
292 3279 413 3343 avidior
437 3285 469 3344 et
490 3282 581 3361 quasi
612 3282 823 3344 mercenarius
849 3279 970 3344 rabula.
1016 3278 1127 3359 ltaque
1154 3278 1287 3340 mutatis

167 3364 270 3428 uerbis
293 3367 338 3428 ita
361 3371 393 3429 te
414 3366 503 3429 affari
527 3366 614 3429 licet:
638 3370 729 3448 turpe
753 3366 879 3449 quidem
900 3387 968 3429 esse
991 3364 1091 3428 nobili
1106 3367 1138 3426 et
1153 3364 1286 3445 patricio

167 3450 346 3514 Herobordo
370 3458 401 3515 et
424 3473 535 3517 causas
568 3453 676 3534 agenti
695 3452 757 3533 jus,
782 3453 812 3515 in
837 3473 901 3533 quo
924 3455 1075 3522 versatur,
1109 3449 1285 3512 divendere.

166 3536 269 3617 Atque
293 3543 328 3599 ut
351 3538 536 3602 omittamus
569 3540 599 3602 in
634 3537 716 3601 banc
749 3539 940 3601 sententiam
974 3537 1076 3601 multa
1109 3536 1286 3598 memoriter

163 3643 200 3685 ac
233 3623 368 3686 dilucide
399 3625 552 3706 proferre:
585 3624 661 3705 quid
691 3625 782 3706 pretii
815 3624 958 3706 postulas
986 3643 1042 3704 pro
1072 3622 1285 3703 responsione,

165 3728 259 3789 quam
283 3709 418 3791 flagito?
461 3708 496 3773 Si
521 3710 599 3774 bene
622 3713 654 3774 te
678 3711 760 3786 novi,
785 3709 884 3773 dices:
911 3708 1073 3789 „Mutiauo
1089 3707 1198 3787 gratis,
1215 3707 1285 3769 aliis

165 3795 292 3858 minime
326 3802 389 3858 tam
426 3795 596 3860 liberaliter
631 3795 836 3878 respondebo.
892 3794 1052 3858 Centenos
1087 3812 1199 3856 aureos
1233 3793 1286 3855 det

162 3886 297 3962 oportet,
308 3882 362 3962 qui
375 3904 424 3944 me
441 3880 600 3946 causidico
612 3881 748 3963 judicem
763 3881 907 3945 aditurus
919 3880 996 3944 est.“
1022 3881 1109 3943 Esto.
1134 3880 1285 3959 Euurnge,

164 3987 247 4048 rape,
281 3970 376 4043 aut'er,
410 3968 504 4032 modo
538 3989 649 4049 parcas
682 3969 792 4032 amico.
850 3967 931 4043 Quid
965 3966 1090 4030 sentis?
1144 3965 1285 4028 Narrabo

163 4051 237 4115 lacti
272 4053 416 4134 speciem.
483 4053 586 4117 Titius
623 4053 830 4117 hereditatem
866 4053 973 4117 liberis
1005 4051 1112 4115 Manio
1146 4056 1177 4113 et
1211 4050 1284 4131 Sejo

162 4138 303 4220 reliquit;
347 4140 369 4202 ii
406 4160 469 4204 non
520 4145 718 4204 recesserunt
755 4162 773 4202 a
811 4140 1033 4203 communione
1083 4136 1283 4201 hereditaria.

161 4274 364 4285 -——

229 4355 243 4383 ⁸
257 4342 406 4397 lrookirclrir.

231 4411 239 4442 ¹
257 4409 282 4462 S.
301 4410 351 4463 212
368 4413 400 4467 A.
418 4412 442 4465 u.
512 4409 589 4463 ’Ilio
606 4408 938 4531 Hausbauanfflegonhoit
974 4407 1135 4478 Eugolrnnnn
1148 4406 1226 4459 stand
1239 4406 1287 4459 aut

160 4476 248 4531 Seiron
258 4478 305 4531 der
315 4479 410 4549 Mengo
428 4480 453 4532 d.
472 4477 497 4531 h.
516 4479 562 4531 der
578 4478 683 4545 Vitare,
702 4479 744 4532 dio
790 4480 863 4532 utinu
882 4495 943 4531 zurn
961 4476 1051 4531 Buucu
1070 4478 1133 4531 oder
1150 4492 1197 4528 zur·
1219 4476 1283 4527 Aut·

161 4546 226 4594 μαλ’·
244 4548 290 4597 dns
307 4547 410 4602 ilausos
428 4548 544 4669 zu'irppcp
563 4547 674 4601 wollton.
710 4548 736 4602 S.
755 4548 804 4601 283
822 4550 853 4603 A.
875 4550 902 4600 l:
920 4546 1105 4615 »Coquinarius
1124 4543 1195 4612 uulgi
1227 4543 1282 4610 opi·

300 4616 393 4673 rabat«.
462 4620 472 4649 ³
512 4618 565 4672 uid.
583 4616 657 4672 Ilcrn.
675 4633 726 4671 uur.
747 4618 803 4671 106.
