2774 4966
533 675 640 729 Mutina
659 692 694 729 an
712 675 844 746 Petrejus.
1190 681 1253 746 263

125 855 211 918 deus.
260 850 343 929 Quid
381 849 543 933 amplius?
587 846 723 912 Tantum
759 853 816 912 est.
862 848 974 913 Pacem
1014 854 1160 927 meretur,
1198 852 1253 934 qui

126 941 244 1003 fatetur
268 936 448 1020 deliquisse.
495 935 555 998 Pro
579 935 703 1015 piaculo
728 933 862 998 habetur
885 958 948 999 uon
973 959 1107 1018 purgare
1123 940 1251 1017 crimen,

125 1026 180 1088 sed
214 1024 366 1098 confiteri,
403 1044 465 1085 uon
500 1026 606 1084 tamea
639 1021 670 1083 in
705 1023 792 1083 omni
825 1021 907 1099 foro,
942 1021 1062 1104 alioqui
1096 1024 1253 1087 stultitiae

128 1111 305 1193 proximum
330 1108 416 1171 facta
440 1107 576 1188 tegenda
599 1110 630 1168 et
653 1111 802 1187 protecta¹
819 1108 973 1188 detegere.
1019 1108 1110 1172 Nunc
1130 1110 1252 1192 depono

125 1219 291 1280 personam
332 1193 534 1265 absolutoria
572 1215 662 1256 sumo
698 1192 803 1256 festivi
839 1194 1049 1259 collocutoris.
1095 1195 1172 1271 Quis
1204 1200 1253 1260 est

125 1283 262 1346 violator
292 1279 476 1344 Minervalia
509 1279 740 1342 castimoniae?
785 1281 832 1342 dn
857 1282 922 1361 qui,
945 1287 981 1346 ut
1003 1289 1052 1346 est
1074 1281 1106 1343 in
1131 1281 1251 1346 Erasmi

128 1369 303 1451 prouerbio,
328 1367 479 1430 lotionem
504 1365 645 1428 vineir2³¹
693 1365 769 1442 Quis
786 1366 837 1429 ille
854 1388 957 1431 comes
974 1369 1252 1433 innocentissimus

126 1460 157 1519 et
195 1449 447 1538 pubescens?³²
499 1450 643 1532 Cujatem
681 1452 783 1515 lacis?
827 1452 924 1516 Estne
961 1455 1173 1519 traducendus
1210 1478 1251 1518 an

125 1540 331 1622 diligendus?
381 1538 481 1601 Extra
512 1538 627 1619 jocum.
680 1538 714 1601 Si
749 1540 867 1620 gaudet
899 1541 1021 1604 seducti
1054 1546 1151 1621 atque
1184 1563 1251 1604 um·

127 1628 241 1690 bratici
265 1626 403 1689 hominis
427 1624 545 1701 studi0,
570 1624 743 1688 deducatur
765 1626 804 1688 ad
829 1625 986 1690 hominem
1018 1626 1252 1709 philosophum,

127 1717 231 1778 tecum
268 1715 330 1776 imo
372 1733 478 1775 secum
516 1712 578 1773 imo
613 1710 778 1774 nobiscum
813 1713 1039 1776 exsultaturus.
1096 1713 1166 1776 Non
1201 1714 1253 1777 hic

125 1799 288 1881 Dionysia,
313 1819 375 1862 nou
400 1797 647 1881 propinationes
672 1817 734 1859 uon
759 1796 922 1861 illiberalis
952 1799 1033 1862 lusio
1066 1799 1250 1876 celebratur,

125 1886 179 1949 sed
204 1885 300 1967 lepidi
323 1906 493 1960 sermones,
517 1883 637 1946 urbane
660 1883 754 1959 dicta,
778 1883 934 1946 interdum
959 1885 1041 1948 sales
1072 1886 1140 1948 sine
1171 1885 1251 1960 felle,

126 1976 161 2035 ut
196 1993 259 2034 uon
295 1971 397 2052 magis
429 1991 559 2051 corpora
593 1989 686 2050 quarn
722 1969 818 2032 animi
852 1970 1042 2033 reficiantur.
1099 1971 1141 2034 At
1175 1979 1252 2053 puto

122 2058 257 2139 jucundi
290 2061 338 2120 est
373 2060 470 2137 atque
503 2055 656 2137 elegantis
691 2056 820 2135 ingenii,
854 2077 947 2136 quern
981 2062 1016 2119 tu
1051 2062 1082 2119 et
1112 2058 1253 2140 impense

126 2144 256 2208 doctum
281 2148 313 2206 et
337 2142 464 2207 Urbano
487 2143 682 2205 insinuatum
708 2148 739 2203 et
763 2142 908 2204 comitem
927 2146 959 2205 te
976 2143 1105 2223 dignum
1130 2144 1252 2224 praedi-

126 2253 187 2294 cas,
234 2229 280 2293 De
303 2231 433 2311 potione
456 2251 493 2292 ac
515 2228 684 2311 catapotiis
713 2228 797 2308 quid
820 2250 912 2290 curae
940 2228 1067 2304 habeas,
1096 2230 1250 2311 intelligo.

127 2316 192 2401 Ego
229 2316 308 2378 bene
337 2316 436 2381 valeo.
483 2313 586 2376 t'essit
616 2314 733 2396 pituita
768 2314 858 2376 credo
893 2320 1038 2378 metuens
1073 2316 1251 2379 vellicatum

127 2402 417 2486 plrarmacenticon.
463 2400 563 2462 luibis
592 2406 698 2462 tamen
722 2422 740 2461 a
763 2421 811 2461 me
834 2402 980 2481 gratiam,
1011 2402 1037 2464 si
1069 2401 1180 2465 saltem
1205 2403 1252 2466 iu-

127 2489 282 2553 dicaveris
312 2488 464 2551 medicam
499 2487 768 2568 compositionem,
797 2485 870 2549 olim
895 2488 982 2563 milri,
1007 2489 1033 2551 si
1057 2489 1252 2570 perniciosus

127 2576 241 2640 humor
258 2575 410 2638 invaserit
426 2572 588 2648 intestina,
607 2571 744 2634 futuram
761 2572 890 2636 anxilio.
931 2574 1061 2638 Valente
1077 2577 1251 2654 stomaclm,

127 2684 205 2727 sano
229 2661 353 2745 hepate,
384 2658 461 2722 nihil
486 2659 573 2720 intus
597 2664 847 2739 exputrescente‚
871 2662 975 2743 syropi
999 2667 1035 2724 ut.
1058 2669 1174 2725 vocant
1195 2662 1251 2726 ad-

125 2749 271 2831 jumenta
306 2768 367 2810 non
401 2745 622 2827 magnipendo.
679 2744 721 2808 At
754 2766 824 2809 cum
859 2747 987 2810 citanda
1021 2747 1119 2825 alvus,
1154 2749 1252 2830 pluris

129 2837 211 2900 facio
236 2834 375 2917 pilanum
400 2854 494 2914 qnam
519 2832 691 2894 hastatum.
737 2831 778 2894 Et
801 2831 1021 2914 Aesculapium
1038 2835 1149 2899 invoco
1166 2840 1253 2917 pust-

131 2922 243 2986 habito
259 2921 347 2983 dove.
392 2919 461 2982 Non
487 2923 535 2981 est
558 2939 638 2999 opus
656 2917 733 2979 bene
749 2918 867 2981 valenti
884 2920 1032 2997 medicus,
1049 2920 1252 2985 honorandus

131 3015 238 3072 tamen
262 3007 349 3071 omui
373 3005 441 3068 loco
464 3009 496 3067 et
518 3012 668 3085 ternpore.
714 3003 807 3066 lllatri
831 3005 912 3068 dabo
935 3004 1095 3088 pretium,³
1118 3006 1250 3071 dicerem

128 3093 338 3168 Pudentillae,
362 3093 389 3155 si
411 3092 528 3154 liceret.
574 3089 677 3152 Etiam
702 3090 900 3153 admonerem
925 3097 965 3167 te,
989 3092 1043 3155 sed
1060 3114 1122 3156 uon
1140 3095 1249 3158 audeo.

128 3180 248 3244 iratum
272 3179 347 3242 scio.
392 3177 517 3240 dustam
535 3177 599 3238 irae
616 3198 741 3238 cansam
759 3176 893 3240 fortasse
911 3179 1098 3258 praetendis.
1136 3178 1251 3243 Totum

130 3267 160 3331 id
183 3267 279 3330 irasci
310 3286 379 3327 curn
412 3265 514 3327 causis
548 3263 703 3324 intactum
737 3262 844 3326 uolens
879 3270 1050 3345 praetereo,
1084 3271 1253 3331 contentus

130 3429 333 3457 .--.,..,Δ---

194 3570 208 3597 a
223 3552 400 3619 Horutplossc:
420 3551 574 3605 Ambrosius
593 3568 663 3618 puer.

198 3626 206 3656 ¹
226 3623 313 3675 l'odex
333 3621 457 3673 lotioueru
469 3620 558 3672 vineit.
589 3620 799 3688 Spriuhutirtliclr
818 3638 866 3672 rou
878 3627 959 3673 etuas
971 3620 1251 3674 llrucrbusserlichem.

129 3694 211 3745 ²run
240 3708 304 3758 puer
329 3690 484 3743 Aurlrrosius
512 3690 557 3741 dor
588 3690 748 3759 ltandglossc
775 3694 855 3741 neunt
879 3690 912 3742 M.
933 3692 995 3742 kurr
1023 3691 1118 3742 rorlrur
1146 3689 1254 3742 violator

129 3761 280 3814 llinerralis
304 3758 472 3811 castimoniae
492 3758 560 3810 uolrl
581 3760 628 3810 ruit
646 3759 795 3811 Arrsulrluss
814 3775 845 3809 au
865 3760 913 3811 den
933 3760 1069 3812 ausdruck
1095 3759 1140 3811 des
1165 3758 1253 3811 Petro·

127 3831 264 3898 janischeu
283 3828 391 3881 Bricses.
429 3828 495 3880 Voru
514 3828 635 3880 Bisclrot'e
656 3827 812 3880 Androsins
832 3827 895 3879 uird
913 3829 1048 3891 lierieldct,
1059 3829 1118 3880 dass
1131 3844 1159 3880 cr
1171 3828 1253 3881 durch

129 3900 200 3953 scine
228 3898 395 3962 sreirniitigcu
419 3897 634 3949 liuidamatioucn
653 3914 735 3963 pogen
754 3898 800 3948 das
819 3896 937 3948 ohtdiehe
957 3898 1041 3949 leben
1061 3897 1102 3949 dic
1120 3896 1252 3949 kcusrrherr

129 3970 216 4022 [ihren
240 3969 326 4020 soiuer
349 3966 537 4018 Scirtilorinueu
563 3966 686 4032 belcidigt
708 3966 781 4017 ludu.
820 3965 893 4017 Nnch
914 3966 956 4017 llr.
976 3968 1025 4017 rur
1044 3966 1089 4017 des
1108 3967 1168 4017 t'od.
1188 3964 1253 4032 (duli

130 4039 207 4105 1513)
234 4038 269 4089 ist
293 4035 446 4087 rtrulnosius
464 4036 510 4087 dor·
529 4051 592 4101 puer
619 4035 803 4101 somnne-inge.
840 4035 893 4085 lter
920 4034 1086 4087 uitulorlrolte
1115 4034 1251 4085 Ausdruck

128 4123 216 4159 comes
236 4105 311 4157 ueist
329 4106 374 4155 aut'
390 4103 447 4154 eine
467 4103 600 4155 ltoisodus
612 4102 727 4169 l’otrrjus
747 4104 824 4168 (nach
844 4103 955 4170 leipzig.
976 4103 1033 4170 l'gl.
1053 4104 1110 4171 fulg.
1129 4102 1191 4170 Bu),
1210 4104 1256 4154 aut

128 4177 174 4228 der
201 4175 249 4226 itur
276 4173 430 4225 diuturnius
459 4172 602 4239 aegrotare.
639 4173 713 4224 Nacti
742 4174 801 4224 doru
827 4172 869 4224 lir.
895 4188 926 4224 un
953 4173 1040 4225 Urban
1060 4173 1109 4223 272
1127 4173 1173 4223 des
1192 4172 1252 4224 t'od.

127 4244 240 4297 detrich
260 4243 286 4294 iu
307 4242 348 4292 die
367 4248 435 4293 urstc
455 4241 538 4293 tratur»
559 4243 623 4293 lora
642 4245 711 4293 setae
725 4241 915 4308 (uctrubrosium
934 4248 959 4293 ct
978 4241 1150 4307 Nepotianum
1163 4256 1253 4292 sereno

128 4313 201 4367 coelo
220 4329 282 4365 ‹reunr
300 4311 375 4362 libris
393 4310 519 4377 emittas«)
538 4311 613 4362 stand
633 4326 661 4362 er
679 4311 704 4361 iu
724 4311 832 4361 nr'ilrerer
851 4310 1001 4378 Boriolunrg
1016 4326 1048 4361 zu
1063 4308 1160 4361 Urban.
1178 4325 1254 4361 uozu

128 4383 171 4436 die
190 4385 272 4434 auten
291 4379 426 4446 folgenden
448 4380 535 4431 110110-
557 4388 592 4430 r>et
614 4380 716 4431 [Titana
744 4380 912 4431 insinuatum.
944 4379 1074 4435 stirunren,
1102 4377 1181 4430 sowie
1208 4378 1254 4430 der

128 4451 255 4504 Voru'urt
270 4448 384 4501 Mutians
402 4464 444 4499 uru
466 4449 503 4498 12.
523 4448 576 4498 uult
599 4451 663 4499 lull}
682 4449 753 4514 (tss'od.
773 4450 843 4515 ¹253),
862 4449 922 4500 dass¹
942 4449 1029 4501 L'rban
1048 4447 1117 4499 allen
1136 4450 1253 4500 seruau-

128 4521 183 4574 lich
204 4536 238 4572 zu
256 4519 311 4570 ituu
330 4519 472 4586 gastandan
483 4517 557 4569 ltalia.
612 4521 622 4546 ²³
640 4517 691 4568 Zur
703 4518 923 4568 bermutetreudou
936 4515 1252 4582 1111111611Υοὼοίιηῒιιημ.

129 4590 190 4658 Vgl.
209 4588 253 4642 Br.
273 4588 333 4641 adt.
368 4586 418 4638 Diu
436 4586 571 4654 tolgendeu
594 4587 682 4636 tl'orro
701 4586 834 4637 entlrnltcn
852 4587 927 4638 einen
951 4587 1028 4639 Tadel
1072 4602 1135 4653 egon
1163 4584 1254 4637 Poters

128 4658 237 4720 untur,
257 4657 304 4709 der
321 4656 389 4708 nach
408 4656 453 4706 der
472 4655 634 4722 giiustigsteu
654 4655 806 4722 Ausleguug
824 4656 879 4708 sicli
899 4656 944 4708 aut
962 4656 1036 4707 ihren
1053 4602 1214 4707 ilutseirluss
1222 4669 1263 4704 rm

128 4728 202 4783 einer
220 4724 331 4780 aucium
349 4725 441 4780 Heirut
461 4723 571 4778 bezteut.
