2774 4966
495 40 501 65 t

387 39 1337 262 —

1191 276 1198 287 Ι

144 586 207 650 498
564 582 652 638 arim
671 582 717 638 res
735 584 759 638 J.
781 586 855 641 1514.

270 755 335 819 Ceu
359 755 502 820 Nemesis
524 755 634 821 subito
659 757 818 838 tetigisset
840 758 943 821 sidere
966 757 1119 840 linguam,

310 841 417 906 infans
441 845 592 924 perpetuo
618 863 680 906 non
706 842 880 906 blaterator
903 843 973 906 eris.

251 926 358 990 Habes
381 928 479 1009 igitur
496 929 630 990 Hessum
657 933 688 992 et
712 928 840 991 Rufum.
883 930 998 1010 Accipe
1015 929 1164 1010 glossam.
1203 929 1287 995 Jove

145 1017 241 1076 natus
278 1014 297 1075 i.
336 1035 361 1076 e.
402 1013 553 1077 Hercules
591 1013 780 1091 mexicanos,
821 1014 1014 1096 lllusagetes,
1051 1013 1285 1097 Melampygus,

144 1102 358 1162 monstrorum
382 1098 527 1162 domitor.
575 1097 690 1162 Subito
722 1100 822 1162 sidere
846 1101 867 1162 i.
891 1122 918 1162 e.
942 1100 1121 1182 apoplexia.
1168 1098 1285 1166 Cetera

143 1190 220 1248 sunt
242 1185 471 1265 cognitissima.

170 1283 174 1295 '
296 1283 358 1338 Cod.
377 1283 443 1338 Frcl.
461 1284 520 1338 407.

143 1437 260 1507 (notha.)
670 1421 743 1485 432.
1049 1438 1071 1488 r.
1090 1436 1158 1490 roc.
1178 1437 1281 1506 (1514).

521 1546 666 1617 Mutian
689 1567 738 1617 arr
762 1545 901 1618 Urban.

145 1674 208 1740 (Mic
226 1674 285 1726 (lem
302 1674 374 1736 Abte,
393 1675 439 1726 der
457 1676 525 1728 arach
544 1675 632 1728 Berlo
647 1676 750 1743 pareest.
768 1677 862 1729 lurrnlc
880 1675 916 1728 M.
935 1675 999 1727 aber
1022 1674 1128 1727 L'rbuns
1146 1675 1211 1727 Am!
1224 1675 1284 1728 aad

142 1744 192 1795 den
211 1742 341 1796 urradclrtr'
355 1759 388 1795 cn
412 1743 496 1796 Vltor
521 1762 571 1797 aron
595 1744 793 1797 Holemtarmm
817 1745 884 1797 noca
905 1744 979 1797 nablat
1002 1744 1086 1796 roclena.
1124 1743 1205 1797 Scene
1229 1744 1283 1796 mit

146 1811 177 1864 G.
197 1811 293 1864 Sobila.
331 1760 383 1862 lia·
401 1811 538 1878 lanpsomc
562 1813 677 1865 Publius
695 1814 731 1865 r'st
749 1813 814 1865 rroeh
839 1813 914 1865 arviclrt
938 1830 988 1864 roa
1015 1811 1146 1864 Εἰεωιαοὴ
1169 1812 1281 1864 acerdoti.

144 1880 274 1932 Honora<
295 1881 374 1932 Stel.
412 1880 519 1933 beorre
544 1881 700 1949 tirralupaeu
719 1882 749 1933 r'rr
767 1882 854 1933 seirrcr
872 1880 1182 1947 Hciratsoupelepcnlreit.
1210 1880 1283 1933 Bora

373 1965 422 2000 rma
438 1949 481 2001 die
500 1951 567 2002 Aeta
585 1949 787 2002 Porasiensiam
803 1967 883 2017 peperi
901 1949 1051 2014 Iteuclrlc‘a.)

187 2062 248 2111 Suo
267 2062 425 2111 canssimo
443 2062 572 2113 Urbano
591 2063 750 2124 magistro,
769 2065 944 2122 oeconomo,
962 2063 1030 2112 vtro
1049 2062 1234 2113 excellentis

391 2149 557 2209 eriugena
576 2153 608 2199 et
625 2149 811 2209 prudentiae
830 2151 874 2200 Μ.
893 2145 1027 2215 (Rufus).

249 2256 282 2322 S.
329 2258 441 2340 Loqui,
464 2263 502 2323 ut
524 2260 736 2338 institueram,
761 2284 831 2324 cum
856 2258 1009 2324 Duronio'
1036 2279 1098 2322 non
1123 2256 1225 2333 licuit,
1242 2280 1281 2322 eo

146 2345 232 2425 quod
256 2344 381 2425 legatus
404 2346 582 2428 principum
605 2369 670 2409 una
694 2368 764 2409 cum
791 2348 905 2410 ceteris
927 2346 1057 2426 collegis
1080 2343 1188 2408 subito
1205 2343 1282 2408 hinc

142 2432 181 2494 ad
201 2450 318 2512 pagum
335 2430 465 2493 Beroam
486 2432 756 2512 proficiscebatur.
803 2431 1033 2495 Instaurassem
1058 2451 1159 2492 meam
1184 2430 1280 2494 fidem

144 2520 176 2579 et
192 2515 447 2579 benevolentiam
471 2517 586 2580 blande
602 2522 634 2581 et
650 2518 792 2581 modeste
809 2523 841 2579 et
858 2539 911 2598 per
933 2516 1096 2580 cuniculos
1121 2516 1280 2597 quosdam

144 2608 241 2683 atque
273 2600 462 2665 Maeandros
497 2603 656 2666 duxissem
691 2624 865 2666 sermonem
903 2608 971 2665 tum
1004 2603 1037 2664 in
1069 2606 1158 2663 tuum
1193 2622 1280 2664 com-

143 2688 271 2751 modum
294 2692 361 2750 tum
386 2687 417 2749 in
442 2688 548 2750 odium
573 2689 666 2752 istius
689 2688 841 2770 impudici
874 2690 947 2769 papi
970 2684 1280 2768 Hohnkyrchensis.²

144 2773 405 2854 Praeparaveram
431 2774 509 2836 duas
534 2774 597 2836 vini
618 2774 798 2855 amphoras,
824 2775 879 2836 sed
896 2775 1019 2836 abierat
1043 2777 1131 2853 pater
1154 2772 1277 2834 decano

142 2857 227 2923 me0⁸
262 2859 369 2921 nescio
400 2879 440 2921 an
472 2859 550 2922 duce
580 2881 621 2922 an
656 2860 779 2923 comite.
824 2859 931 2941 Nepos
963 2855 1147 2934 Schilunis⁴
1182 2857 1280 2920 homo

142 2948 256 3026 patruo
286 2944 408 3021 similis,
433 2946 452 3007 i.
475 2967 501 3007 e.
525 2945 670 3025 perditus
694 2951 726 3008 et
748 2967 866 3021 amens,
890 2968 909 3007 a
932 2965 981 3007 me
1009 2944 1197 3025 objurgatus
1225 2943 1279 3006 in-

142 3031 275 3111 stigavit
304 3034 416 3093 contra
438 3052 487 3093 me
509 3029 707 3093 ltartinum.⁵
754 3030 910 3094 Martinus
944 3029 1043 3092 larvis
1076 3029 1219 3109 agitatus
1243 3033 1278 3091 et

142 3116 208 3179 suis
231 3114 322 3178 furiis
344 3115 560 3178 inflammatus
584 3115 797 3179 cruciabiliter
821 3139 870 3179 me
894 3115 953 3178 hae
979 3114 1112 3196 epistola
1143 3117 1276 3191 tractat,

142 3200 277 3265 infamat
299 3204 332 3262 et
353 3199 432 3263 falso
458 3201 652 3264 criminatur.
700 3202 815 3264 Postea
846 3201 939 3264 rediit
970 3221 1078 3281 nepos,
1099 3200 1281 3280 postulavit

143 3306 191 3363 ran
220 3283 371 3361 virationis,⁶
402 3289 463 3346 obrr
485 3287 521 3360 id,
546 3290 594 3361 pub
617 3288 652 3347 im
676 3297 738 3347 sunt
766 3286 852 3362 little
883 3291 963 3361 bont.
1016 3286 1102 3362 Veni,
1133 3285 1279 3365 inquam,

142 3373 242 3453 legam
267 3372 328 3434 tibi
350 3373 455 3452 patrui
479 3373 526 3434 tui
550 3373 666 3434 literas.
712 3371 788 3453 Legi
812 3378 844 3435 et
867 3372 998 3452 adjunxi
1032 3371 1167 3451 singulis
1198 3372 1279 3432 arti-

142 3458 222 3521 culis
244 3457 386 3538 singulas
408 3456 608 3521 defensiones
631 3479 702 3520 cum
725 3458 896 3538 asperitate
929 3457 1105 3520 verborum.
1152 3455 1276 3518 Deinde.

142 3543 205 3624 legi
238 3565 339 3606 meam
363 3542 402 3605 ad
427 3547 458 3604 tc
482 3542 647 3624 epistolam
680 3564 757 3606 usus
788 3543 915 3606 vafritia
939 3549 971 3605 et
993 3543 1049 3605 tali
1081 3547 1276 3613 commento,

143 3632 179 3692 ut
213 3628 346 3691 dicerem
383 3649 450 3690 cam
487 3630 637 3710 scriptam
672 3629 711 3690 ad
748 3627 908 3691 Volscnm²
936 3634 969 3690 et
996 3624 1278 3707 Engclmannum.⁸

142 3714 254 3794 ltaque
277 3715 360 3776 inter
383 3713 550 3794 legendnm
575 3715 696 3776 mutavi
732 3735 882 3792 personas
905 3719 937 3776 et
959 3733 1106 3776 numeros
1129 3716 1160 3775 et
1184 3733 1278 3775 casus

143 3805 175 3863 et
196 3805 348 3880 tempora.
397 3800 428 3879 „1
452 3799 569 3868 nunc“,
595 3800 739 3879 inquam,
767 3805 817 3880 „ct
842 3821 932 3862 narra
956 3803 1012 3862 tuo
1035 3797 1175 3873 domino,
1200 3797 1276 3878 quid

141 3884 310 3968 profecerit
332 3886 526 3966 procacitate
545 3885 611 3947 stili
634 3889 666 3947 et
690 3885 869 3947 temeritato
892 3883 1041 3947 insulsa.“
1090 3883 1156 3962 ligo
1181 3903 1278 3963 cogor

142 3992 211 4034 esse
241 3971 379 4050 quietus,
411 3972 473 4033 nisi
495 3974 531 4032 tu
552 3970 694 4050 jusseris,
720 3975 756 4032 ut
780 3970 943 4051 implorem
978 3970 1150 4032 amicornm
1185 3989 1277 4049 prae-

141 4057 230 4120 sidia.
277 4055 418 4118 Adamas
453 4053 601 4118 Publius⁹
637 4057 752 4117 missus
789 4055 1022 4118 Eiscnnaclrnm
1056 4055 1151 4116 nimis
1184 4055 1276 4116 abest

211 4191 291 4243 ¹llcr
309 4188 368 4241 aut.
404 4188 429 4242 S.
450 4187 499 4241 108
519 4190 551 4241 l.
572 4189 595 4241 l.
633 4176 705 4239 [snor-
723 4187 827 4240 llrlrarrs
846 4188 1024 4255 Emptelrlung
1041 4186 1198 4255 egressa
1211 4186 1275 4239 M».

175 4259 262 4327 'Vgl
281 4258 306 4310 S.
326 4257 377 4309 490
395 4260 426 4308 A.
446 4258 470 4310 4.
542 4256 658 4307 ³llolran
678 4257 724 4307 des
751 4256 914 4323 Kollcginms
933 4272 974 4308 nm
995 4255 1194 4322 Marientempel
1223 4271 1276 4307 war

141 4327 258 4381 Gerbard
287 4325 436 4379 Marscbalk
456 4341 505 4376 ron
524 4324 658 4376 Goscrstet
685 4324 862 4382 rara-1524.
888 4327 934 4376 der
954 4340 1004 4376 ron
1022 4324 1124 4376 Mutian
1151 4323 1276 4391 nirgends

158 4400 255 4451 enannt
272 4395 345 4447 wint.
382 4394 516 4460 Sagitt,
536 4392 631 4445 Hister.
651 4393 726 4444 Goth.
746 4394 785 4446 ed.
805 4393 880 4446 Tenz.
900 4411 923 4460 p.
943 4394 984 4446 lli.
1047 4394 1159 4459 rororg
1176 4391 1274 4445 Sehilo,

140 4414 166 4519 i).
190 4466 241 4518 493
265 4469 296 4518 A.
322 4465 345 4516 u.
424 4461 487 4513 hll.
514 4461 610 4513 Scinio,
647 4460 689 4512 Br.
717 4461 776 4513 427.
853 4462 1029 4526 lQuittantia
1056 4461 1223 4528 (quietantia)
1241 4480 1275 4498 τ-

135 4533 273 4604 Οιιίτωημ,
304 4533 408 4586 llbcnso
428 4531 454 4584 iu
475 4531 515 4583 llr.
536 4530 594 4584 385.
649 4528 765 4581 'Simon
784 4529 901 4582 l'oltalrc.
921 4529 946 4583 S.
956 4529 985 4581 81
1002 4529 1065 4583 AB.
1119 4527 1273 4580 ⁸Kiicben·

120 4605 242 4658 meister.
281 4602 306 4658 S.
328 4604 382 4662 485
402 4606 433 4658 Α.
452 4603 477 4658 3.
549 4600 607 4655 ⁹8.
625 4598 673 4654 407
697 4599 772 4654 adt.
