2774 4966
387 25 1322 299 Π

127 570 190 634 246
548 565 632 617 Brieie
651 566 697 618 des
716 564 741 618 J.
763 563 837 619 1512.

129 745 227 821 atque
249 738 327 801 adeo
351 735 475 799 hebetis
498 738 530 798 et
552 733 660 798 obtusi
689 734 802 812 cordis,
834 736 870 798 ut
897 734 983 816 quod
1011 735 1116 800 sentio
1147 737 1268 802 vulnus

129 847 191 888 non
221 823 367 887 sentiam.
414 820 565 902 Ignavum
592 823 638 882 vis
662 842 730 882 esse
754 824 851 902 atque
874 821 1017 899 inertem,
1049 821 1141 902 quasi
1171 823 1267 887 testi·

129 911 269 974 monium
293 907 369 970 illud
388 910 479 970 tuum
498 927 559 969 non
577 906 620 968 sit
636 893 737 986 ἀργός
752 893 859 986 λόγος,
881 905 912 968 id
930 910 979 969 est.
1002 907 1119 988 ignava
1141 908 1238 986 ratio,
1252 919 1267 949 ⁸

129 996 179 1061 cui
203 995 230 1058 si
257 1015 433 1076 pareamus,
467 992 546 1054 nihil
577 997 625 1053 cst
654 992 795 1068 omnino,
830 992 914 1072 qood
949 1013 1083 1072 agamus
1118 993 1151 1055 in
1187 993 1266 1057 vita.

129 1081 192 1145 Sed
216 1081 290 1163 quia
315 1079 402 1141 vidos
426 1077 513 1140 nulla
536 1077 658 1140 ratione
693 1077 772 1138 verti
808 1098 901 1157 posse
934 1077 1104 1141 Lotianum
1139 1079 1266 1142 incom-

130 1167 257 1230 modum
297 1165 435 1245 (tantum
475 1161 572 1243 pollet
609 1162 809 1224 inimicorum
848 1162 1068 1246 conspiratio),
1113 1163 1266 1245 prudenti

130 1251 262 1315 consilio
297 1249 400 1330 jubes,
435 1254 472 1311 ut
507 1269 631 1328 parcam
670 1246 940 1311 sollicitudinibus
977 1254 1009 1311 et
1047 1250 1142 1326 curie,
1181 1271 1267 1331 quae

134 1337 271 1418 vigorcm
297 1334 393 1396 animi
418 1333 597 1396 sobrodunt
614 1338 645 1394 et
661 1331 906 1412 tranquillitatis
922 1333 1050 1396 avidum
1068 1355 1130 1416 non
1151 1335 1266 1398 sinunt

130 1444 198 1485 esse
226 1418 443 1501 tranquillum.
488 1418 600 1498 ltaque
627 1418 727 1482 amice
757 1417 1005 1499 simpliciterque
1037 1418 1191 1482 confiteor
1215 1442 1266 1483 me

131 1528 194 1569 non
229 1504 417 1587 improbare,
455 1504 539 1583 quod
580 1501 729 1565 consulis.
787 1501 984 1583 argumento
1021 1506 1064 1567 sit
1101 1504 1266 1569 cavillatio

132 1611 308 1666 numerosa,
343 1609 437 1668 quarn
472 1588 633 1650 recreandi
665 1587 762 1649 animi
793 1589 896 1667 gratia
921 1589 1029 1670 paucis
1052 1594 1128 1653 ante
1150 1589 1267 1655 diebus

133 1677 173 1740 ad
196 1680 228 1739 ts
252 1673 347 1739 dedi¹
395 1673 475 1748 Quid
507 1675 590 1735 enim
625 1674 743 1736 attinot
767 1672 798 1734 in
824 1673 914 1736 malis
937 1679 1102 1737 aeternum
1130 1674 1268 1756 ingemi·

130 1784 226 1838 scere,
243 1782 313 1823 cum
332 1759 424 1821 bonis
447 1762 599 1840 perpetuo
623 1758 684 1820 frui
709 1780 771 1819 non
797 1759 976 1839 possimus?
1022 1759 1126 1823 Etiam
1149 1761 1266 1841 spiritu

132 1847 271 1929 precario
293 1845 421 1907 utimur.
467 1844 604 1926 Repetat
627 1844 682 1925 qui
705 1843 801 1918 dedit,
819 1848 851 1906 et
867 1843 1027 1908 videbitur
1044 1845 1149 1907 inanis
1166 1844 1266 1910 fuisse

132 1937 269 1996 conatus
307 1934 423 1992 noster.
482 1930 550 1992 Non
591 1930 673 1991 enim
709 1933 841 1991 externa
877 1930 1042 1993 nobiscum
1080 1930 1265 1995 auferimus.

133 2019 225 2099 Ergo,
251 2017 292 2079 mi
317 2014 454 2090 Urbane,
477 2020 596 2077 rectum
622 2014 738 2077 dedisti
762 2014 941 2088 consilium,
966 2038 1023 2079 nec
1046 2016 1115 2079 sine
1137 2016 1264 2081 effectu.

131 2105 176 2166 De
199 2102 308 2166 Stoico
339 2101 422 2162 enim
456 2100 627 2162 maximum
653 2098 796 2162 Stoicum
821 2104 852 2163 ct
876 2101 967 2182 quasi
1003 2101 1137 2165 alterum
1171 2100 1266 2183 Epic·

131 2189 263 2252 tetumb
297 2186 411 2248 fecisti.
468 2185 638 2265 Reliquum
673 2190 731 2260 est,
766 2190 803 2247 ut
836 2186 977 2248 animum
1001 2209 1020 2249 a
1048 2208 1191 2251 moerore
1225 2187 1266 2250 ad

134 2274 288 2337 laetitiam
321 2292 513 2333 revocemus.
560 2270 674 2333 Casam
704 2268 859 2332 nostram²
889 2270 1023 2335 libenter
1055 2271 1266 2354 patefacerem

132 2359 255 2440 Petrejo
278 2357 481 2420 ornatissimo
502 2357 621 2436 juveni,
646 2355 707 2419 nisi
727 2355 848 2435 janitor
871 2356 1047 2438 inquilinus
1070 2356 1266 2423 obaudiret}

132 2445 192 2522 Qui
222 2465 339 2524 quaeso
365 2441 436 2523 palli
460 2446 575 2523 potest,
600 2464 670 2503 curn
694 2446 826 2522 appetat
849 2442 916 2504 dics
938 2441 1147 2525 archangeli,⁴
1181 2443 1266 2508 loca-

133 2531 230 2594 tionis
261 2528 462 2609 aospicium‘?
507 2528 637 2590 lncivile
668 2526 804 2589 habetur
836 2548 899 2589 non
931 2528 1004 2591 dare
1035 2532 1175 2611 spatium
1201 2552 1267 2593 ses-

38 2670 41 2674 .
134 2617 308 2697 quimense‚
326 2634 389 2693 quo
406 2612 467 2675 sibi
485 2613 664 2694 prospiciat.
701 2611 813 2674 Scribo
830 2614 868 2676 dc
884 2636 916 2676 re
934 2614 1001 2696 ipsa
1014 2613 1265 2692 adMartinum‚‘

132 2725 172 2764 ex
195 2722 269 2783 quo,
293 2699 369 2781 quid
401 2699 469 2759 fieri
497 2699 608 2780 possit,
640 2697 807 2776 intelliges.
861 2697 926 2762 Nos
960 2700 1104 2763 favemus
1137 2700 1267 2783 Petrejo

133 2808 196 2850 non
233 2783 425 2849 fastidiendo
456 2783 537 2863 juris
575 2780 760 2846 candidato⁸
797 2788 832 2845 ut
863 2784 913 2847 cui
947 2786 1025 2848 totis
1062 2786 1266 2867 praecordiis.

133 2872 218 2935 Vale.
264 2870 419 2933 Vocamur
441 2870 480 2931 ad
504 2869 641 2950 epulum.
688 2869 1052 2952 Datu1·ne⁰aliquid?⁷
1098 2871 1132 2935 Si
1161 2872 1266 2947 datur,

133 2959 241 3021 sciam.
287 2956 336 3019 Ex
359 2953 474 3018 Gotha.

288 3055 349 3110 Coo.
368 3053 434 3107 Frcf.
453 3054 511 3108 225.

133 3227 248 3294 (cotia.)
663 3207 732 3270 194.
866 3223 942 3290 (iun
961 3241 1009 3278 vor
1025 3225 1066 3279 so.
1086 3225 1169 3296 seps)
1191 3228 1266 3282 1512.

513 3316 656 3384 blutian
680 3337 728 3384 an
752 3316 891 3385 Urbau.

133 3431 234 3494 (Ludus
267 3429 388 3483 Crauuch
409 3429 442 3479 ist
462 3427 529 3480 rerich
552 3428 637 3480 Gotlru
659 3428 817 3493 pclnrumcrr.
843 3428 905 3479 dor-h
930 3427 994 3479 olum
1017 3428 1099 3495 Bries
1119 3430 1266 3498 §palatina

140 3500 274 3552 Wdhrrnd
299 3499 345 3549 der
376 3498 538 3550 Oclormmus
569 3496 705 3547 f'rr'edrr'rh
733 3513 780 3547 corr
807 3496 1048 3548 ltcr'rrlrurdshrunn
1074 3497 1210 3567 bestdndr'q
1227 3499 1268 3552 ins

133 3569 210 3621 Amtc
233 3567 316 3627 bleibt,
343 3567 377 3618 ist
407 3566 511 3618 Urhorrs
541 3565 658 3632 Stelluup
682 3569 743 3616 stela·
761 3564 791 3615 <iu
810 3564 896 3632 Froqc
916 3565 1020 3631 postcllt.
1059 3565 1130 3619 Doolr
1147 3567 1212 3635 hefft
1229 3566 1266 3620 Μ.

134 3638 182 3690 ihu
201 3637 239 3689 rin
260 3637 336 3688 Auito
353 3652 389 3686 au
407 3635 530 3686 ericum.
567 3633 646 3685 Bitlct
666 3651 711 3684 arm
728 3632 977 3701 Biirhcrbcsoryuup
995 3639 1063 3686 trotr
1084 3636 1267 3704 Gchlmanqu

315 3721 397 3772 erepcu
414 3703 458 3755 dos
478 3702 625 3768 Er'nluufcs
642 3702 686 3753 (les
703 3701 720 3753 I
723 3701 808 3753 'neilus
828 3704 855 3753 iu
874 3702 923 3754 das
941 3702 1085 3771 Ifospr'tal.)

201 3801 381 3850 Praestanti
400 3802 432 3849 et
448 3799 599 3858 imprimis
623 3801 733 3848 ornato
757 3799 907 3858 magistro
931 3800 971 3849 H.
995 3798 1124 3851 Urbano
1142 3813 1231 3851 osso·

390 3898 492 3943 nomo,
515 3885 614 3933 amico
633 3884 815 3933 suavissimo
833 3884 878 3933 Μ.
895 3883 1007 3934 Rufus.

237 3978 269 4041 S.
317 3979 409 4041 Venit
445 3977 583 4041 Gothum
619 3978 721 4040 Lucas
759 3977 861 4060 pictor
899 3977 1071 4042 excellens⁸
1105 3983 1148 4056 et,
1180 3980 1267 4062 quod

134 4083 316 4090 ——-—

201 4127 215 4155 s
231 4115 272 4167 So,
291 4111 364 4162 ru'cht
383 4111 472 4163 oratio.
545 4115 558 4151 ¹¹
574 4111 729 4178 Epitecturn.
801 4112 904 4164 cdatur
922 4128 961 4164 no.

204 4183 212 4211 ¹
232 4182 291 4233 lor.
311 4180 355 4232 Br.
376 4197 401 4230 v.
421 4180 461 4231 23.
482 4180 552 4246 Sept.
624 4182 633 4211 '²
653 4181 705 4232 Das
725 4197 775 4230 ron
794 4181 894 4232 seinom
913 4180 1016 4233 Brudor
1033 4180 1267 4236 erebroflausin

135 4249 183 4301 der
200 4249 374 4314 lrbuongnsso
394 4247 509 4314 (siidliclr
530 4265 589 4299 scin
610 4249 790 4316 l‘ctorshorgc)
810 4250 836 4301 in
853 4248 950 4311 Erfurt,
969 4250 995 4301 in
1014 4248 1144 4302 walchem
1162 4250 1204 4304 bis
1222 4251 1267 4305 du·

132 4317 177 4369 hin
203 4317 245 4369 cin
270 4317 387 4369 Erfurtor
411 4317 511 4368 (lllizinl
538 4317 644 4382 (janitor
669 4317 824 4384 inquilinus)
853 4319 964 4370 wolmto.
1000 4318 1026 4371 S.
1048 4319 1078 4371 15
1096 4320 1128 4370 A.
1148 4319 1172 4370 2.
1208 4317 1266 4398 vgt

132 4385 158 4437 S.
178 4386 228 4438 239
248 4389 278 4438 A.
298 4387 312 4436 7
332 4401 358 4435 u.
377 4385 437 4436 t'od.
458 4386 515 4438 ⁴230.
566 4385 658 4437 3Ηὶιη·
675 4385 757 4437 sosicl
777 4386 829 4437 als:
849 4385 1037 4438 u'idcrstrcbte.
1092 4388 1103 4419 ⁴
1120 4385 1266 4441 Michaelis.

133 4456 143 4486 ⁶
161 4452 257 4506 Martio
275 4453 372 4517 Schilo‚
391 4452 506 4506 Mutians
525 4453 682 4506 Prokurator
700 4455 727 4506 in
738 4454 831 4508 Erfurt.
851 4454 876 4507 S.
892 4456 940 4507 133
949 4458 980 4507 A.
996 4457 1018 4507 1.
1055 4455 1066 4488 ⁰
1084 4454 1143 4523 vgl.
1163 4454 1207 4509 ΒΥ.
1218 4456 1265 4511 191

133 4522 229 4576 son18.
242 4522 321 4590 Scpt..
333 4522 359 4573 in
370 4521 498 4574 wolchoni
518 4538 578 4594 zum
589 4523 814 4575 hcvorstohoudon
835 4522 988 4576 liutulariat
1005 4523 1053 4576 dor
1061 4521 1165 4577 Rechts
1182 4522 1266 4578 olum

132 4591 288 4679 geii‘tinsqht
304 4591 377 4643 wird.
434 4592 508 4644 ⁷Als
525 4590 663 4644 doschonk
682 4592 724 4643 li'rr
741 4591 783 4644 dio
801 4591 956 4660 Einladung.
1010 4591 1128 4646 ⁸buoso
1146 4590 1268 4648 &amb
