2774 4966
551 629 656 688 llutlan
675 651 710 687 au
728 628 829 689 Urban.
1191 634 1253 698 175

123 808 210 874 eliud
232 806 317 889 apud
334 808 457 888 poetas,
474 804 690 888 philosophos,
706 805 885 880 historicos,
899 804 1135 885 jureconsultus
1151 802 1256 866 decer-

125 891 302 976 peremto,
334 912 430 971 quarn
461 911 604 970 eaquae
635 892 719 953 vitae
750 895 782 952 et
811 889 1039 953 christianitati
1073 887 1256 951 satisfacere

125 999 218 1062 posse
242 976 421 1039 rideantur.
466 974 587 1054 impius
610 981 668 1048 est,
693 976 838 1056 quisquis
862 974 932 1056 plns
949 994 1058 1054 sapere
1075 973 1144 1035 vult
1160 994 1254 1053 quam

125 1062 269 1126 ecelesia.
326 1061 373 1122 An
410 1081 469 1139 ego
508 1060 600 1122 deum
636 1067 667 1121 et
700 1061 844 1122 homines
877 1059 1035 1122 offendam
1071 1059 1102 1120 in
1137 1059 1256 1138 nugis?

125 1147 220 1211 Certe
253 1167 317 1208 non
351 1144 520 1207 offendam.
568 1144 736 1207 Portemus
767 1146 797 1206 in
831 1144 935 1206 fronte
969 1142 1109 1222 sigillum
1144 1144 1256 1217 crucis,

125 1230 279 1297 vexillum
302 1230 386 1309 regis
408 1229 520 1292 nostri.
566 1228 635 1291 Non
661 1230 760 1291 simus
784 1228 978 1307 transfugae.
1024 1227 1123 1289 Nemo
1150 1234 1257 1309 potest

127 1317 257 1381 Christo
281 1321 313 1376 et
335 1313 413 1376 Baal
442 1315 567 1377 servire.
614 1313 733 1378 Sancta
765 1314 963 1395 imperatoris
997 1313 1096 1375 nostri
1133 1312 1256 1377 militia.

126 1403 199 1467 Non
223 1403 265 1464 sit
288 1399 459 1462 nobiscum
494 1399 690 1461 incastris·
720 1398 785 1461 ulla
813 1398 987 1480 turpitudo.
1034 1395 1200 1463 Scribatur
1223 1400 1256 1460 in

127 1489 237 1551 limine
259 1483 455 1548 coenobialis
478 1484 628 1546 vestibuli
650 1483 865 1564 Vergilianum
889 1482 985 1546 illud:
1020 1480 1136 1561 „Casta
1165 1484 1258 1564 pudi-

126 1574 236 1636 citiam
260 1576 367 1632 aervat
389 1567 549 1631 domus.“¹
585 1568 678 1631 Absit
701 1591 719 1631 a
742 1568 833 1631 vobis
856 1568 932 1630 illud
957 1567 1122 1648 Cypriani:
1148 1568 1260 1647 „Multi

126 1659 225 1721 etiam
248 1660 378 1717 sanctas
401 1654 471 1716 ausi
487 1653 673 1733 contingere
690 1659 811 1715 mentes
826 1653 1005 1715 Discessere
1022 1653 1135 1714 iterum
1152 1654 1260 1716 subito

126 1748 277 1821 retroque
300 1738 413 1819 relapsi
436 1736 592 1801 Sordibus
615 1745 647 1801 et
669 1760 768 1802 coeno
791 1739 884 1801 mixti
908 1737 1079 1800 volvuntur
1103 1737 1259 1801 eodem.“²

130 1826 167 1891 Si
191 1824 289 1888 vultis
312 1822 440 1887 coelesti
464 1823 615 1886 alimonia
639 1824 733 1900 vesci,
757 1823 880 1904 diligite
909 1823 1103 1904 pudicitiam.
1153 1822 1261 1904 „Mens

128 1913 218 1993 capit
242 1909 437 1973 ambrosiaa“
464 1908 513 1987 (ut
529 1909 635 1989 inquit
651 1909 746 1972 frater
761 1908 791 1988 ¹³)
818 1929 899 1989 „non
923 1909 985 1970 nisi
1008 1912 1096 1970 casta
1119 1907 1263 1989 dapea“³

130 1996 247 2059 Audivi
283 1994 488 2074 impudicum,
517 1995 571 2075 qui
595 1994 795 2074 impudenter
829 1994 1026 2056 reclamaret:
1065 1993 1151 2071 „Hoc
1184 1994 1261 2057 nihil

129 2087 191 2145 est.
236 2079 392 2143 Futuaria
421 2078 521 2141 libido
552 2100 615 2141 non
644 2084 692 2142 est
721 2085 896 2161 peccatum.
945 2078 1127 2141 Paedicaria
1157 2078 1262 2142 Venus

129 2166 235 2247 turpis
258 2162 345 2243 est“;
368 2162 460 2244 quasi
488 2164 672 2240 monachus,
704 2187 742 2227 ne
772 2165 936 2245 paedicare
965 2163 1100 2243 incipiat
1127 2164 1261 2242 sodalm,

134 2252 259 2315 lntnere
282 2253 388 2312 scorta
409 2248 503 2312 foeda
525 2249 648 2311 debeat.
694 2249 871 2330 Utrumque
902 2248 1004 2311 scelus
1033 2252 1080 2310 est
1112 2250 1261 2329 piandum

134 2335 322 2399 verberibus
344 2339 377 2396 et
398 2334 512 2415 scopis.
559 2332 729 2397 Osacram
764 2336 962 2414 scripturam,
995 2333 1086 2414 cujus
1110 2335 1263 2398 beneficio

134 2422 214 2484 bene
244 2420 422 2502 pudiceque
446 2419 591 2494 vivimus,
623 2420 692 2482 sine
723 2420 881 2502 superbia,
912 2419 981 2481 sine
1013 2420 1190 2499 petulantia
1221 2426 1262 2496 et,

158 2506 219 2570 nod
242 2509 293 2568 est
315 2505 499 2580 maximum,
523 2505 592 2567 sine
614 2504 762 2567 avaritia!
801 2503 845 2567 Te
862 2505 945 2567 vitae
962 2504 1115 2566 honestae
1132 2510 1264 2568 matrem

137 2529 231 2655 Picus
264 2590 358 2654 unice
390 2593 560 2652 veneratus
594 2594 650 2652 est.
697 2589 789 2652 Hunc
824 2589 948 2651 imitare
979 2589 1137 2670 juvenem.
1183 2590 1266 2672 Lege

142 2678 235 2740 vitam
259 2675 338 2758 ejus.
383 2674 417 2736 ld
440 2674 554 2737 mirum
578 2674 677 2736 videri
700 2680 814 2756 potest.
855 2673 977 2737 Tantus
998 2674 1108 2737 doctor
1124 2677 1265 2739 nondum

145 2762 325 2844 impleverat
358 2759 531 2823 secundum
556 2765 588 2823 et
610 2760 808 2838 trigesimum
842 2761 957 2822 aetatis
988 2781 1115 2822 annum.
1162 2759 1266 2824 Testis

148 2853 189 2910 eat
212 2867 311 2928 nepos
335 2842 549 2907 Franciscus.⁸
594 2844 722 2907 Falsum
739 2849 795 2917 est,
818 2845 901 2926 quod
919 2844 1029 2907 scribit
1046 2844 1204 2908 hlarsilius
1219 2846 1265 2909 c⁵:

149 2930 259 3007 Picum,
284 2951 348 3012 quo
371 2928 421 2992 die
443 2951 499 2992 rex
516 2928 708 2992 Gallorumd
731 2929 862 2994 Carolus
890 2928 1083 2992 Florentiam
1107 2930 1269 3011 ingressus

151 3021 217 3091 erat,
244 3016 468 3079 discessisse.⁸
514 3013 591 3076 Nam
617 3015 698 3078 idem
730 3037 795 3089 rex,
824 3013 1052 3078 Florentinaef
1077 3037 1146 3078 curn
1175 3021 1269 3095 esset,

154 3098 247 3164 duos⁸
268 3101 310 3164 ad
334 3100 443 3163 Picum
467 3100 606 3162 medicos
629 3101 717 3162 misit
740 3106 772 3162 et
794 3099 961 3180 epistolam
993 3122 1091 3164 manu
1113 3123 1171 3164 sua
1193 3102 1269 3165 snb-

158 3182 318 3269 scriptam.‘
363 3184 445 3261 Quid
468 3205 542 3264 ergo
566 3185 732 3247 dicemus?
777 3184 904 3247 Mentiri
928 3185 1023 3248 etiam
1040 3191 1165 3249 tantum
1184 3188 1270 3268 prin-

161 3269 242 3351 cipem
265 3270 424 3334 Platonici
448 3269 632 3351 dogmatis?
677 3270 819 3345 Quidni?
863 3270 968 3333 Etiam
991 3271 1032 3333 hl.
1057 3271 1166 3334 Cicero
1189 3272 1285 3340 falso.

161 3351 258 3431 iurarit
288 3355 323 3419 P.
355 3353 501 3419 Clodium
536 3354 655 3418 Romae
687 3356 772 3437 apud
802 3377 835 3417 se
866 3355 973 3419 fuisse.
1019 3355 1109 3418 Hanc
1144 3357 1270 3438 perjurii

165 3438 306 3506 inlamiam
330 3446 424 3504 notat
445 3439 587 3503 Valerius
611 3441 715 3522 capite
741 3440 805 3522 „De
827 3437 1011 3504 testibus“.²
1045 3439 1107 3504 Sed
1131 3441 1272 3507 Marsilio

168 3527 338 3600 patrocinari
361 3526 450 3603 libet,
477 3530 514 3589 ut
536 3532 684 3588 laxemus
708 3526 881 3599 librarium,
906 3528 961 3606 qni
984 3526 1119 3589 scribere
1143 3528 1270 3593 debuit:

170 3612 263 3690 „qua“,
285 3633 350 3676 non
376 3633 459 3694 „quo
475 3608 571 3676 die“.⁸
595 3611 639 3674 Mi
658 3611 794 3690 Urbane,
818 3612 845 3674 si
867 3611 966 3675 habes
989 3611 1122 3693 hymnos
1146 3612 1273 3696 Orphei,

168 3732 349 3749 ἱῇ---ι---

219 3797 267 3849 ·in
286 3796 380 3849 castris
398 3796 492 3847 uostris
513 3795 586 3847 Pana.
639 3801 722 3848 rut.
743 3836 748 3846 .
769 3836 774 3846 .
793 3795 872 3847 fratcr
888 3794 951 3859 seat
968 3793 1010 3845 ber?
1028 3793 1102 3847 Terra.
1155 3796 1274 3860 erasm

172 3863 200 3910 bl
213 3862 348 3923 Mamilius.
366 3865 412 3932 qui
430 3863 521 3916 aoribit
541 3863 614 3915 aar.
684 3863 855 3916 dGallorum.
877 3862 959 3913 Terra:
980 3862 1131 3918 Galliarum.
1201 3867 1272 3920 edn-

172 3931 261 3984 amisse
281 3932 354 3984 rea.
429 3934 441 3972 f
452 3931 598 3984 Florentiae
619 3931 691 3983 Tcnr.
761 3933 855 3984 aduos
872 3931 935 3996 fehlt
952 3930 994 3982 dci
1012 3930 1085 3983 Terra.

224 4002 231 4031 ¹
247 4002 337 4067 (jteorg.
356 3999 390 4064 ΙΙ,
410 4000 467 4052 524.
505 3999 692 4052 ’Versifiziert
729 4001 807 4052 3Βοι·
824 3999 983 4052 Karmcliter
1000 4000 1053 4051 und
1073 4000 1138 4053 l'oct
1154 4001 1275 4070 Baptista

170 4057 305 4121 tutemus
313 4071 340 4120 in
350 4067 531 4135 seinerElegie
540 4071 630 4120 contra
639 4071 728 4133 proetns
741 4068 872 4135 impudica
884 4067 1035 4119 scribentes.
1045 4068 1273 4135 Oppantrltitl.

169 4126 225 4193 Lini.
235 4137 266 4188 97
275 4138 298 4188 b.
334 4138 345 4168 ⁴
355 4135 511 4188 lhanzincus
523 4135 601 4188 Picus
614 4137 644 4202 (ψ
658 4137 741 4203 1533),
752 4137 798 4188 dor
808 4137 849 4188 dio
860 4136 922 4188 Vita
938 4136 1024 4188 seinos
1034 4135 1144 4190 Olreirns
1161 4139 1274 4191 sclrrieb.

168 4198 291 4262 ³Piriuus,
310 4203 461 4256 Platonilrcr
477 4204 505 4255 iu
523 4203 630 4256 Florenz
652 4205 672 4268 ’γ
692 4205 765 4255 ltro.
785 4262 795 4271 ..
835 4204 931 4256 ⁰Ilass
953 4204 1040 4271 Kiiuig
1058 4204 1121 4258 Knrl
1140 4206 1212 4262 Vlll.
1232 4223 1275 4260 arn

166 4264 220 4336 luge
235 4273 321 4324 seinos
338 4271 453 4340 Eiuzuga
464 4272 515 4339 (17.
528 4271 594 4323 Nor.
608 4271 684 4338 1494)
704 4273 768 4322 zwci
780 4275 856 4323 Arate
875 4289 909 4324 zu
926 4273 986 4323 dem
999 4273 1102 4326 schwer
1114 4274 1277 4328 Erlmanktan

164 4336 274 4406 aucta,
292 4339 422 4392 berichtet
440 4338 530 4393 Pranc.
549 4339 638 4405 Picus,
657 4341 737 4391 ncnnt
754 4339 817 4391 aber
834 4341 883 4392 deu
894 4340 947 4407 'lag
961 4341 1007 4393 des
1018 4341 1101 4395 Pedes
1120 4343 1200 4396 nicht.
1225 4344 1275 4396 Die

162 4408 258 4476 amabe
274 4409 322 4461 dee
338 4406 473 4461 Mamilius
493 4407 597 4460 Ficinna
616 4407 745 4474 vereinigt
762 4406 819 4459 sich
838 4408 899 4460 sehr
917 4408 986 4459 wohl
1004 4409 1053 4461 nrit
1070 4411 1117 4463 der
1134 4413 1180 4464 des
1195 4411 1276 4465 Frau-

162 4473 240 4530 eioeus
264 4475 345 4530 Picus
371 4477 425 4529 uud
449 4493 478 4529 es
498 4477 587 4529 bedarl
609 4476 684 4528 nicht
710 4475 756 4529 der
786 4492 972 4544 rczwungeneu
994 4477 1206 4547 Textdnderuug‚
1232 4481 1275 4533 die

160 4538 251 4599 turim
275 4544 314 4598 im
336 4544 396 4613 iulg.
418 4543 576 4612 vorschlagt.
661 4547 670 4577 ²
697 4544 754 4598 Val.
806 4544 910 4596 rurirnua
939 4543 1008 4597 raet.
1032 4549 1058 4597 ot
1083 4547 1143 4599 dict..
1167 4564 1275 4600 mernor.

161 4608 224 4681 llll,
241 4616 268 4680 5,
284 4616 310 4667 5.
366 4612 452 4679 'Qua
467 4613 509 4666 die
527 4634 560 4652 =
578 4614 605 4665 in
616 4613 729 4667 ucicher
747 4613 811 4680 Zeit,
830 4629 881 4681 qno
892 4613 934 4666 die
952 4642 986 4661 =
1003 4629 1036 4669 an
1054 4614 1182 4668 walchem
1200 4616 1276 4687 'laga
