2774 4966
74 637 78 645 '
128 626 188 690 122
505 626 592 681 Briele
610 644 660 682 rou
680 627 857 728 imp-1509.

126 821 228 863 moror
258 799 422 880 culturam,
464 823 559 883 quum
588 802 646 863 sim
671 802 838 866 amicitia⁸
861 802 1059 867 humanitate
1087 809 1119 866 et
1140 802 1258 866 officiis

129 886 271 949 stabilita
295 892 473 950 contentus.
520 886 739 951 Reverentiam
764 889 825 952 sibi
848 894 961 970 parent
976 889 1040 952 alii.
1087 890 1257 952 Praestent

128 973 324 1053 obsequium,
343 973 458 1055 quibus
476 973 587 1051 relint3
611 974 676 1036 sint
692 975 815 1038 colendi
832 984 862 1037 et
880 975 1081 1039 venerabiles.
1116 974 1255 1039 Tantum

131 1059 208 1122 milri
232 1080 293 1121 non
318 1081 417 1123 sumo,
463 1059 569 1122 titium
587 1072 600 1098 ²
623 1061 669 1123 ita
691 1061 835 1144 dispono,
860 1068 893 1124 ut
917 1061 1090 1125 dissolutus
1115 1066 1171 1125 aut
1193 1060 1256 1124 tibi

131 1152 187 1208 aut
207 1144 408 1209 alienissimis
430 1146 749 1227 disjunctissimisque
766 1148 862 1210 videri
881 1169 942 1211 non
959 1148 1086 1231 possim.
1119 1147 1258 1211 Constat

131 1230 208 1296 milii
231 1233 408 1295 severitatis
432 1233 550 1295 ratio·
592 1231 684 1295 Domi
709 1232 834 1313 singula
863 1256 931 1297 meo
961 1239 1040 1298 nutu
1070 1234 1257 1316 ditioneque

128 1327 299 1399 rogantum
330 1340 391 1381 non
415 1340 569 1400 paremus,
600 1320 654 1382 sed
685 1319 875 1400 imperamus
906 1320 1101 1384 domesticis:
1137 1318 1257 1403 quibus

129 1404 207 1467 nihil
230 1411 278 1466 est
302 1405 502 1468 moderatius,
548 1404 661 1467 Parum
685 1412 769 1469 essct
785 1405 894 1469 herum
913 1407 1046 1471 honeste
1062 1406 1175 1483 vivere,
1193 1404 1257 1469 nisi

130 1513 205 1554 suos
237 1491 330 1554 etiam
362 1492 461 1555 bonos
485 1490 609 1554 faceret.
656 1490 717 1554 Sed
741 1492 852 1556 damus
876 1493 935 1556 tibi
959 1494 1092 1569 veniam,
1125 1498 1257 1555 secutus

129 1600 162 1640 es
185 1598 316 1640 errorem
343 1578 573 1641 inconsiderate
596 1577 802 1658 loquentium.
849 1578 892 1641 De
915 1600 964 1641 me
988 1579 1108 1643 nullum
1132 1578 1175 1641 sit.
1188 1578 1257 1661 jur-

128 1665 227 1744 gium,
251 1664 419 1727 dummodo
450 1685 579 1727 securus
607 1662 860 1746 'tranquillitatis
888 1665 1000 1729 vivam.
1047 1663 1093 1727 'I'u
1117 1664 1198 1727 satis
1221 1686 1257 1729 es

130 1749 377 1813 commendatus.
425 1749 465 1811 ir
496 1750 687 1821 dubitamus,
719 1748 903 1833 Spalatinus
926 1760 958 1815 et
980 1774 1046 1833 ego.
1093 1749 1180 1813 Nihil
1203 1754 1255 1814 at·

128 1837 209 1899 tinet
237 1857 478 1899 connnemorare
510 1858 613 1899 moine
643 1859 754 1900 causas
785 1837 977 1919 rnultijugas.
1030 1837 1187 1911 Veremnr,
1211 1836 1254 1903 ti-

130 1944 259 1998 memus,
276 1924 489 2004 suspicamur3
514 1924 701 2004 praesentia,
720 1924 888 2005 praeterita
905 1932 936 1987 et
953 1924 1058 1987 lutura
1074 1923 1161 1988 velut
1179 1945 1254 1986 exa·

130 2010 213 2072 mine
225 2009 312 2089 justo
331 2008 492 2071 libramus
526 2008 636 2090 ltaque
654 2009 733 2072 idem
752 2031 819 2091 ege,
838 2011 921 2091 quod
939 2010 1124 2092 Spalatinus
1142 2009 1257 2093 probat

131 2096 358 2178 improlratque.
404 2094 482 2158 Nam
512 2095 552 2158 ab
577 2117 623 2170 ao,
648 2096 731 2178 quod
757 2097 783 2159 is
806 2097 863 2160 tibi
888 2097 1062 2179 proposuit,
1088 2120 1125 2158 ne
1148 2117 1256 2178 ungue

131 2182 256 2264 quidem
288 2181 383 2244 latios
412 2182 616 2245 discedemus
672 2182 739 2245 Non
764 2187 812 2245 est
835 2181 926 2245 facile
949 2189 1032 2246 stare
1055 2183 1087 2245 in
1114 2181 1256 2247 Vallibus

131 2269 199 2331 sino
228 2289 342 2332 occasu
372 2274 403 2330 et
428 2267 678 2339 inclinatione·
708 2268 868 2331 difficilius
892 2275 940 2333 est
962 2270 1027 2333 sire
1050 2279 1164 2352 sponte
1187 2268 1257 2331 sive

130 2355 261 2419 aliorum
287 2355 440 2417 instinctu
464 2355 569 2417 subire
592 2356 702 2418 molem
722 2355 863 2430 docendi,
887 2356 942 2419 ubi
962 2357 1079 2419 multae
1103 2357 1133 2418 in
1159 2376 1256 2439 specu

131 2442 241 2505 beluae
263 2447 391 2516 terrent,
425 2441 572 2507 tremunt,
604 2442 809 2519 insidiantum
844 2441 1063 2506 difficillimum
1088 2443 1257 2507 succedere

130 2527 305 2611 Spalatino,
351 2529 430 2604 Quid
455 2526 522 2591 ita‘?
559 2527 638 2604 Quia
656 2528 728 2591 huic
749 2527 953 2593 homuncioni
975 2535 1148 2593 concentus
1174 2526 1255 2592 mul-

128 2623 230 2679 tarum
260 2615 420 2677 literarum
444 2620 476 2678 et
499 2637 682 2696 magnarum
708 2615 859 2678 virtutum
889 2616 1033 2696 contigit.
1079 2615 1119 2678 Et
1142 2636 1256 2696 quam·

128 2724 221 2784 quam
239 2703 253 2742 ¹>
275 2708 307 2764 tu
331 2701 396 2784 pari
414 2703 457 2764 sis
472 2700 645 2775 literatura,
670 2723 732 2764 non
750 2702 869 2765 minore
886 2702 1022 2783 ingenio,
1046 2701 1109 2764 imo
1127 2702 1258 2765 celsiore

130 2796 244 2852 natura
268 2788 438 2869 praeditus,
463 2794 567 2850 tamen
592 2789 675 2850 inter
697 2787 840 2850 turbines
857 2793 1126 2870 tempestatesque
1149 2789 1257 2851 minus

128 2876 242 2939 fortem
267 2881 529 2956 constantemque
552 2880 583 2937 te
608 2874 672 2936 lore
695 2877 769 2937 scia.
817 2873 985 2956 Utcunque
1001 2875 1053 2945 sit,
1080 2875 1106 2937 si
1126 2874 1210 2937 iuter
1225 2880 1258 2938 te

133 2969 164 3025 et
187 2961 387 3046 Spoletinum
412 2961 570 3037 convenit,
595 2967 629 3023 ut
653 2962 736 3044 apud
760 2960 883 3041 vigilias
899 2962 1117 3043 stationesque
1140 2982 1258 3024 coeno·

132 3048 224 3112 bialis
249 3049 379 3111 militiae
393 3059 407 3087 ⁸
429 3049 525 3111 vitam
550 3048 581 3110 in
606 3048 745 3111 tenebris
761 3049 980 3131 temporariam
999 3070 1117 3128 ageres,
1142 3048 1257 3111 faciam

132 3137 239 3200 sedulo
271 3136 317 3199 uti
349 3135 412 3197 dux
436 3140 468 3196 et
491 3156 672 3215 praecursor
703 3134 832 3198 amicus,
885 3134 966 3198 Vale.
1015 3133 1101 3197 Post'
1127 3133 1256 3197 Larium

136 3223 280 3311 publicas
302 3221 431 3285 inferias
455 3220 594 3286 iiiiVIIi.

288 3324 349 3381 tlod.
368 3321 434 3375 Fici.
452 3323 510 3375 eso.

129 3532 241 3602 [Gotl1a)
538 3528 540 3535 ⁴
660 3514 725 3577 103.
1051 3526 1073 3578 i.
1093 3524 1161 3579 Nor.
1183 3528 1257 3583 1508.

477 3643 619 3713 Mutian
644 3663 691 3712 an
714 3639 899 3711 Herbord.

182 3772 357 3841 (l'rraprr'cld.
378 3773 423 3824 idn
446 3789 505 3825 rum
525 3772 621 3824 Irlrrer
640 3771 667 3823 in
690 3769 863 3837 (leorprullral
878 3767 1021 3836 cmpfetlrn
1040 3786 1075 3821 aa
1095 3768 1203 3831 multra.)

157 3886 339 3939 Herebordo
357 3888 529 3948 margarito
546 3887 678 3948 patricio
697 3889 729 3937 et
744 3884 965 3945 jurisconsulto
983 3883 1106 3943 insigni,
1124 3882 1224 3933 amico

523 3973 679 4023 carissimo
697 3973 741 4022 M.
759 3969 869 4021 Rufus.

237 4085 266 4146 S.
313 4084 393 4160 Quid
418 4085 544 4165 placet?
589 4083 819 4148 Salutalrisne⁰
843 4081 1006 4145 Silvanum
1022 4075 1075 4140 d²⁴?
1120 4078 1187 4161 Ego
1205 4099 1259 4162 pro

136 4172 287 4236 felicitato
304 4176 359 4234 tua
382 4172 465 4233 votis
488 4170 621 4234 excubo.
666 4170 776 4249 ltaque
800 4168 992 4250 propositum
1017 4171 1107 4229 tuum
1125 4165 1258 4249 explica,

134 4265 171 4322 ut
194 4260 223 4320 in
248 4258 367 4321 Lucum
394 4260 476 4320 ituro
500 4258 558 4320 tibi
575 4258 657 4319 viam
676 4257 835 4338 aspirante
852 4254 992 4317 Favonio
1009 4258 1159 4315 sternam.
1188 4250 1259 4317 Non

199 4410 252 4462 ari
270 4417 301 4462 st.
320 4412 347 4461 ii.
401 4414 586 4476 bruunquam.
641 4406 798 4460 cSalutabis
817 4424 855 4457 m.
909 4404 1091 4472 usp-icauna.
1199 4470 1204 4481 ἱ

133 4481 183 4532 den
204 4479 324 4532 l'omuri'
340 4497 421 4547 pepon
440 4498 451 4531 i
469 4480 539 4531 nilan
559 4477 680 4539 crholieu,
699 4477 759 4529 dass
776 4492 805 4527 er
822 4475 878 4527 sicli
898 4474 959 4526 doni
977 4473 1146 4525 Gesclrwiitzo
1169 4486 1254 4523 semer

208 4563 230 4599 ‘r
248 4550 399 4617 arigiingliolr
420 4564 491 4615 aergo
509 4548 564 4600 und
581 4549 666 4600 daron
684 4545 856 4598 beciotlussen
876 4544 951 4597 lasso.
990 4542 1046 4611 Vgl.
1065 4542 1091 4594 S.
1114 4540 1162 4595 125
1181 4540 1254 4595 aa

227 4618 268 4737 llir.
287 4636 304 4671 a
316 4635 341 4669 m
360 4618 428 4687 Tago
446 4618 492 4670 dor
511 4616 601 4683 laren,
625 4615 693 4669 nach
711 4616 770 4667 dem
788 4613 987 4666 Getiesdiensto.
1032 4614 1041 4643 ²
1061 4612 1117 4663 lion
1135 4608 1197 4679 Abi,
1211 4624 1258 4663 zur

249 4702 306 4755 nug.
