2774 4966
151 627 215 695 374
573 624 663 681 Briete
678 623 725 679 des
742 624 767 680 J.
787 626 861 681 lule.

155 800 356 884 expenderet,
380 802 417 864 ut
439 798 517 864 bene
540 799 688 864 restituta
710 798 890 882 retectaque
906 798 998 863 domo
1014 798 1142 864 vicariis
1156 798 1284 865 deesset

155 888 337 970 importuna
372 886 508 969 querela.
564 885 690 950 Placuit
726 885 804 951 mihi
841 891 969 969 pactum
1006 890 1211 959 conventum,
1247 888 1283 947 et

156 973 356 1039 auctoritatis
386 979 460 1036 tuae
490 973 641 1055 placitum
665 976 702 1036 ut
725 972 782 1035 viri
805 970 930 1035 solertis
957 975 989 1034 et
1010 971 1103 1037 amici
1133 969 1281 1035 fidissimi

154 1065 258 1125 return
293 1057 404 1122 habeo.
450 1057 559 1141 Neque
591 1058 675 1121 enim
709 1058 810 1139 magis
842 1058 945 1140 cupio,
975 1079 1070 1140 quam
1102 1063 1138 1121 ut
1167 1056 1282 1121 domus

156 1150 243 1210 sarta
280 1148 364 1209 tecta
401 1145 624 1226 conspiciatur.
685 1142 918 1207 Satisdationes
961 1152 1066 1207 autern
1105 1144 1177 1207 illas
1210 1142 1282 1225 jure

142 1231 242 1313 ,civili
265 1230 463 1295 introductas
494 1230 694 1294 remittimus.
739 1228 849 1311 Neque
872 1230 954 1293 enirn
979 1229 1097 1293 debent
1127 1228 1283 1294 honestae

158 1338 311 1401 personae
348 1317 413 1379 sive
452 1316 484 1379 in
522 1314 631 1379 tutelis
667 1316 733 1379 sive
771 1316 802 1379 in
841 1315 1058 1379 contractibus
1095 1316 1281 1379 cautionum

158 1403 281 1468 onerari
314 1401 469 1465 molestia.
524 1400 614 1473 Nem,
650 1408 685 1464 ut
718 1401 914 1465 Modestinus
944 1401 1013 1473 uit,¹
1051 1420 1282 1483 nonnunquam

159 1489 329 1570 contingit,
344 1494 381 1551 ut
398 1486 552 1570 quaedum
576 1487 764 1551 nominatim
789 1509 936 1568 expressa
959 1487 1112 1563 officiant,
1135 1486 1284 1570 quamvis

159 1576 276 1639 omissa
306 1573 403 1637 tacite
434 1572 570 1653 intelligi
601 1579 730 1653 possent
753 1595 810 1636 uec
838 1578 944 1636 essent
976 1573 1123 1636 offutura.
1171 1572 1285 1637 Cesset

159 1661 257 1741 igitur
287 1664 320 1722 et
349 1658 540 1723 cancelletur
568 1659 751 1725 testamenti
778 1658 941 1739 obligatio.
987 1658 1101 1723 Credat
1136 1657 1283 1723 blotiano

160 1745 252 1811 Titus
271 1745 400 1819 Metine,
424 1749 457 1809 et
477 1765 535 1824 ego
559 1751 685 1826 propter
707 1746 913 1809 reverentiam
938 1744 1203 1826 praestantissimi
1222 1743 1283 1808 viri

160 1831 302 1898 Simonis
332 1831 355 1894 F
358 1828 469 1895 ulcini²
493 1830 586 1894 nudis
609 1829 672 1894 Titi
696 1830 799 1894 verbis
821 1837 854 1894 et
874 1830 948 1893 fidei
975 1832 1153 1912 acquiesce.
1197 1829 1285 1895 Reli·

160 1941 258 2003 quum
292 1917 367 1981 boni
400 1917 459 1981 viri
491 1916 646 1980 arbitratu
677 1939 716 1979 ex
747 1916 830 1981 bono
859 1921 891 1980 et
920 1937 1031 1998 aequo.
1063 1917 1090 1979 si
1120 1915 1286 1981 emerserit

162 2004 376 2069 controversia
397 2003 495 2085 (quod
512 2001 700 2082 abominor),
717 2001 890 2067 dirimatur.
935 2002 1014 2067 Post
1028 2002 1284 2085 quinquennium

161 2091 273 2156 domus
306 2090 337 2153 in
373 2111 443 2153 mea
476 2111 571 2152 manu
605 2085 725 2153 sunto.³
771 2089 847 2165 Hoc,
881 2089 923 2153 mi
957 2088 1095 2165 Urbane,
1127 2088 1215 2153 volui
1246 2094 1286 2152 ut

160 2177 266 2243 scires.
310 2175 395 2240 Vele.
441 2174 584 2239 MDXlll.

313 2296 375 2352 Cod.
393 2294 460 2349 lucr.
480 2294 536 2348 181.

161 2500 276 2572 (oona.)
683 2484 755 2549 303.
1095 2502 1175 2571 (Sept.
1196 2502 1287 2569 1513.)

510 2610 654 2681 Mutian
675 2631 723 2681 an
746 2610 931 2681 Hcrberd.

332 2739 421 2807 (Birria
439 2758 486 2792 einr
503 2740 578 2793 einen
597 2740 768 2793 Rcrlrleccrler
783 2741 826 2793 dee
844 2740 974 2807 nequer
995 2740 1112 2806 (lectam.)

214 2855 330 2918 Magno
347 2856 415 2906 viro
432 2854 615 2906 Herebordo
632 2855 805 2918 narrante
824 2855 952 2915 doctori,
970 2859 1102 2916 utroque
1117 2855 1187 2916 jure
1205 2858 1238 2906 et

326 2940 502 3002 eloquentia
519 2942 613 3002 clero,
631 2942 730 2993 emico
747 2940 927 2993 honorando
945 2941 988 2993 Μ.
1006 2940 1118 2993 Rufus.

268 3052 300 3117 S.
344 3053 480 3135 Magnus
513 3062 545 3117 et
577 3054 703 3136 sepiens
731 3055 777 3117 vir
807 3052 952 3118 Urbanus
987 3057 1093 3118 noster
1123 3054 1154 3116 in
1191 3051 1286 3116 bonis

166 3139 341 3221 disciplinis
372 3148 405 3203 et
437 3140 617 3216 amicorum,
656 3149 692 3204 ut
729 3140 822 3211 nosti.
860 3140 984 3205 cultura
1020 3138 1287 3220 diligentissimus

167 3228 291 3290 mittere
325 3227 400 3290 mibi
434 3232 548 3309 potest,
586 3228 734 3309 qnoniam
768 3227 909 3306 aurigam
945 3248 1028 3289 nunc
1060 3225 1167 3302 babet,
1202 3246 1286 3306 quos

169 3312 340 3393 efflagitavi
363 3313 468 3377 libros.
514 3313 624 3396 ltaque
640 3314 778 3376 codicem
796 3311 987 3376 minutulum
1004 3312 1052 3375 vel
1067 3309 1287 3375 Infortiatum‘

167 3398 295 3464 Gecusi‘
319 3421 389 3464 curn
414 3400 497 3464 notis
530 3404 562 3462 et
590 3399 851 3462 adnotationibus
882 3399 1069 3481 nuperrimis
1096 3396 1221 3474 exhibe,
1248 3401 1288 3461 ut

169 3486 301 3550 intuear.
346 3485 426 3549 Nem
461 3487 488 3549 si
522 3484 706 3568 placuerint,
744 3487 821 3558 scio,
859 3486 933 3566 quid
972 3507 1082 3548 ernam.
1128 3484 1287 3564 Quicquid

167 3572 353 3650 ostenderis,
383 3572 504 3636 salvum
535 3574 722 3635 remittetur.
767 3571 840 3636 Vale
868 3594 936 3634 cum
962 3572 1026 3635 tuis
1049 3571 1132 3635 domi
1156 3578 1188 3634 et
1209 3571 1289 3634 foris

167 3658 186 3720 i.
211 3680 236 3722 e.
261 3680 331 3722 cum
354 3659 539 3741 parentibus
561 3664 593 3723 et
616 3659 733 3722 amicis.

320 3776 381 3831 Cod.
399 3776 464 3830 Frcf.
483 3778 541 3831 350.

237 4000 246 4031 ¹
264 3998 389 4067 Digesten
407 3998 523 4063 XXXV,
543 4002 565 4053 l.
584 4001 623 4052 52.
694 4002 703 4032 '³
721 4000 810 4053 Simon
829 4000 945 4055 l'ollzkc.
964 4006 1036 4052 sonet
1055 3999 1191 4052 Vunlscus.
1230 4002 1288 4053 lus

168 4068 218 4121 don
236 4068 344 4121 Worten
362 4068 389 4120 in
407 4068 449 4122 ΒΓ.
468 4069 518 4121 233
536 4069 601 4121 iiber
626 4069 675 4120 (lon
701 4069 916 4137 urspn'inglichcn
945 4069 1063 4121 lrisassen
1092 4086 1142 4120 vnn
1169 4067 1289 4120 Mutiens

168 4136 311 4205 Wohnung
328 4137 429 4197 erhellt,
448 4138 507 4191 dass
526 4137 627 4190 llinnar·
641 4137 717 4203 jener
734 4138 835 4191 difiniel
855 4155 915 4201 war,
934 4139 983 4190 rlcn
1002 4137 1037 4191 ll.
1056 4138 1124 4191 ciust
1137 4136 1221 4189 durch
1235 4137 1289 4189 den

170 4204 661 4260 OffizialOsmundaustroibcnwullte.
691 4206 747 4274 l'gl.
766 4207 790 4260 S.
810 4206 860 4260 239
878 4210 908 4259 A.
929 4207 950 4260 i.
975 4206 1000 4258 S.
1013 4208 1063 4259 ‘llo
1081 4210 1111 4259 A.
1125 4207 1147 4259 2.
1201 4206 1287 4259 3Νυι

170 4274 229 4328 hier
246 4274 282 4329 ist
300 4291 349 4328 ven
368 4274 510 4328 »Hiiuscrns
528 4275 570 4327 dic
589 4274 667 4340 liade,
688 4276 754 4328 doch
773 4293 822 4328 nur
839 4276 864 4327 in
883 4276 942 4327 dem
960 4275 1040 4328 Sinne
1054 4293 1105 4329 ron
1118 4275 1289 4344 uenausung.

169 4344 180 4375 ⁴
197 4343 371 4405 Infertiatum,
384 4344 537 4411 juristiscbe
554 4344 738 4413 Bozcichnung
760 4345 832 4397 cinos
854 4344 922 4398 Teils
946 4346 991 4397 dor
1008 4345 1139 4413 lligcsten.
1211 4343 1289 4399 *Er-

169 4412 250 4469 lorter
267 4412 392 4482 Magister
410 4413 462 4465 rmd
480 4412 635 4469 Bakularius
653 4414 699 4466 der
717 4414 823 4468 Rechte.
859 4413 917 4481 vgl.
936 4413 978 4468 ΒΓ.
999 4416 1055 4468 llll.
