2774 4966
567 619 673 674 Mation
691 633 726 675 an
743 619 829 688 tang.
1198 620 1262 685 615

131 790 282 854 dictionis
304 790 416 854 taciem
434 790 593 872 exprimit.
631 788 766 870 Ingenui
781 786 912 871 pudoris
928 793 985 863 est,
1003 787 1069 852 Celi
1087 789 1260 865 carissime,

128 876 231 951 fateri,
266 897 320 958 per
353 896 434 956 quos
469 874 647 956 profeceris.
703 872 774 937 Non
805 878 836 935 te
869 872 971 936 solum
1007 872 1199 937 Plutarchus
1228 881 1260 938 et

127 960 311 1024 Athenaeus
334 961 429 1024 talem
455 959 540 1036 feeit,
571 959 624 1022 sed
649 958 763 1022 Petrus
788 956 941 1022 Crinitus'
967 962 999 1020 et
1021 958 1260 1022 Volaterranus²

127 1047 213 1128 passi
229 1050 306 1110 sunt
327 1067 396 1109 sese
419 1046 477 1109 abs
500 1049 531 1107 te
555 1043 728 1125 compilari.
774 1042 866 1120 Quid,
883 1042 1003 1123 hange,
1022 1065 1106 1107 nunc
1122 1044 1259 1107 addam?

128 1131 189 1194 nisi
213 1130 289 1195 illud
313 1131 436 1195 solum:
460 1128 577 1192 habere
602 1129 727 1192 lexicon
751 1148 805 1192 eos
828 1128 1032 1201 uberrimum,
1056 1130 1113 1210 qui
1136 1126 1258 1194 Celium

131 1216 258 1280 habent.
305 1214 488 1280 Tradebant
511 1236 548 1278 ea
571 1215 668 1277 ferme
691 1213 890 1288 Hermolaus,
914 1211 1044 1292 Merula,
1068 1213 1258 1292 Politianus,

125 1299 326 1378 Beroaldus,a
349 1301 403 1364 sed
428 1301 509 1364 citra
531 1298 673 1362 ordinem
697 1299 831 1380 carptim
855 1302 888 1362 et
910 1299 1054 1380 sparsim.
1102 1299 1159 1362 llic
1188 1299 1260 1364 lite-

126 1408 229 1450 rarum
262 1385 416 1451 habemus
446 1383 622 1460 elenchum,
650 1389 697 1458 ut,
728 1382 812 1466 quod
837 1383 1002 1448 studiosus
1032 1385 1258 1465 concupiverit,

124 1477 250 1534 tantum
275 1475 408 1553 quaerat
431 1476 463 1534 et
486 1469 596 1532 statim
622 1468 688 1533 voti
710 1490 840 1550 compos
870 1469 938 1532 fiat.
983 1468 1070 1533 Haec
1098 1490 1160 1532 non
1191 1491 1259 1534 am·

126 1556 250 1631 hitiose,
283 1577 345 1618 non
379 1554 532 1619 malevole
564 1553 747 1632 scribimus3
775 1554 841 1616 veri
869 1556 992 1617 ametor
1015 1560 1046 1617 et
1070 1554 1118 1617 tui
1148 1576 1259 1618 aman·
1332 1562 1333 1566 ’

123 1642 267 1705 tissimus
294 1640 429 1723 profero,
460 1638 545 1722 quod
576 1637 779 1720 expectabas.
826 1638 942 1702 Vellem
971 1659 1040 1719 ego,
1067 1639 1110 1703 mi
1140 1638 1258 1721 Lange,

124 1725 225 1789 alium
256 1725 317 1790 tibi
346 1725 467 1789 Celium
492 1744 612 1787 emeres
636 1726 668 1786 et
689 1728 780 1787 tuum
804 1722 890 1786 hunc
919 1724 1070 1787 venderes
1103 1723 1258 1801 Matieno,

124 1812 180 1893 qui
208 1816 311 1876 totum
339 1811 400 1875 hoc
430 1815 486 1874 tuo
509 1831 549 1873 ex
572 1808 705 1872 arbitrio
735 1807 871 1890 pendere
898 1807 984 1871 sinit.
1029 1807 1114 1873 Vale.
1159 1808 1259 1874 Vene-

123 1897 256 1962 raudum
274 1892 496 1978 Staupitium,⁸
517 1893 731 1958 venerandum
754 1891 942 1957 Martinurn⁸
966 1891 1082 1958 saluta.
1118 1893 1256 1978 Raptim.

805 1976 864 2042 Tui
887 1977 1018 2042 honoris
1039 1975 1154 2044 totus.⁸

278 2080 346 2137 Coll.
365 2079 466 2135 Camer.
485 2079 586 2134 Monac.
605 2077 681 2147 VIII,
700 2077 741 2134 26.
759 2078 920 2148 Autograph.

129 2267 244 2339 (uana)
656 2249 729 2317 548.
942 2246 946 2261 “
1040 2267 1081 2324 21.
1100 2269 1163 2338 xpr.
1183 2268 1256 2324 1517.

511 2375 657 2448 Mutian
680 2394 728 2447 an
750 2375 868 2465 hang.

127 2494 211 2569 (tter
230 2505 290 2558 Fae.
310 2505 417 2558 Hessus’
441 2505 631 2626 Osterhympus
650 2505 707 2559 und
728 2504 831 2560 Christi
847 2505 1033 2573 Herobeter'qen
1051 2506 1141 2585 ²³3stss
1164 2505 1256 2559 Unter-

127 2575 189 2628 acolt.
227 2574 297 2626 Brtte
314 2591 363 2626 rana
382 2573 536 2626 Tertullran.
595 2561 764 2640 lhereenrlunp
782 2590 831 2625 ren
849 2572 993 2626 Mosellam
1004 2574 1135 2627 Βαειὶιω.
1171 2575 1257 2642 Frupe

149 2643 212 2695 iiber
228 2642 271 2694 die
287 2641 479 2694 laetermrlrclrca
497 2641 607 2694 Monate
624 2641 683 2694 aad
698 2642 755 2695 ihre
773 2640 943 2710 Ausapraelrc
959 2642 1003 2695 dee
1024 2642 1228 2710 Gneehhchen.)

148 2755 333 2806 Reverendo
351 2756 435 2816 petri
452 2755 568 2806 Joannl
585 2755 693 2818 Longo
711 2756 809 2816 priori
824 2756 1065 2816 Augmtrnrano,
1082 2755 1228 2818 theologo

398 2840 677 2901 praestantissimo,
695 2841 794 2892 emteo
812 2839 988 2902 singulari!

229 2949 261 3014 S.
287 2951 322 3013 P.
346 2950 382 3013 D.
427 2951 550 3028 Patere,
574 2954 617 3016 mi
640 2952 759 3033 Lange,
793 2954 877 3034 prior
908 2952 1086 3026 reverende,
1110 2957 1146 3014 ut
1168 2953 1200 3015 in
1223 2974 1256 3015 re

128 3035 249 3100 mellita
266 3036 443 3119 festivaque
456 3037 607 3124 jocemur.
656 3037 736 3115 Quid
754 3038 813 3101 tibi
830 3038 946 3101 cecinit
960 3037 1082 3102 olorina
1098 3037 1255 3119 Sibyllae·
1291 3056 1295 3063 ·

127 3121 214 3185 Vidit
236 3127 354 3203 aperte,
380 3144 441 3186 nou
466 3144 520 3204 per
542 3129 757 3198 transennam,
786 3121 905 3186 Christi
935 3122 1019 3205 regis
1048 3123 1149 3186 nostri
1180 3144 1255 3187 con-

127 3208 248 3273 flictum
273 3229 344 3270 cunr
377 3205 516 3270 Satanae
546 3208 726 3289 legionibus
750 3211 781 3271 et
803 3207 942 3284 auxiliis,
972 3208 1137 3272 victoriam
1167 3208 1256 3271 lucu-

125 3292 225 3355 lenter
249 3291 425 3373 descripsit.
473 3292 604 3356 silicet
632 3293 787 3374 ejusmodi
817 3293 1007 3357 calamistris
1037 3294 1161 3357 inurere
1190 3315 1254 3356 rem

126 3399 258 3452 sacram,
288 3383 319 3441 et
343 3378 468 3439 laudern
492 3380 609 3441 meruit
629 3378 780 3442 Euhanus
803 3384 836 3442 et
857 3377 1053 3442 orthodoxae
1076 3377 1159 3460 plebi
1183 3398 1255 3459 pro-

127 3461 197 3525 fuit.
243 3460 306 3526 Sed
331 3483 393 3524 non
418 3463 519 3536 video,
542 3485 598 3527 cur
621 3486 682 3527 non
708 3465 810 3540 liceat,
830 3485 901 3528 cum
917 3464 1134 3546 evengelistae
1155 3467 1255 3527 meta·

127 3546 235 3628 phoris
261 3553 293 3610 et
317 3552 480 3628 poetarum
504 3548 637 3612 floribus
651 3549 822 3631 gaudeant.
867 3549 1033 3613 Praeterea
1055 3548 1083 3612 si
1105 3549 1255 3614 atrociter

129 3631 208 3694 adeo
221 3633 339 3695 curiam
354 3632 501 3697 Salvator
514 3638 622 3698 noster
634 3634 789 3698 infernam
807 3634 929 3712 evertit,
947 3633 1087 3715 profecto
1103 3654 1253 3715 magnum

130 3737 168 3778 ac
192 3720 352 3797 potentem
376 3718 510 3782 colimus
532 3718 706 3795 dominum,
734 3720 790 3801 qui
812 3740 852 3782 ne
873 3719 906 3783 in
929 3718 1096 3802 sepulchro
1125 3718 1254 3800 quidem

127 3800 196 3864 vita
217 3801 346 3867 functus
369 3803 534 3886 quieverit.
580 3805 628 3868 An
653 3825 716 3869 non
740 3809 789 3869 est
812 3804 859 3869 vis
881 3804 966 3868 iste?

194 4051 247 4107 ¹S.
266 4053 318 4106 334
343 4056 373 4107 A.
392 4056 416 4108 6.
487 4054 540 4108 ¹8.
567 4055 616 4109 138
640 4058 670 4109 Α.
698 4059 721 4108 1.
792 4054 878 4125 ⁸ng
906 4054 948 4109 die
974 4054 1142 4123 Erwahnmg
1168 4053 1254 4107 dieser

125 4121 179 4173 ital.
198 4120 375 4174 Humaniston
393 4123 439 4175 aut
454 4121 480 4176 S.
499 4123 541 4176 tv.
559 4124 600 4177 49.
621 4125 677 4176 132.
699 4124 762 4178 149..
775 4140 799 4176 u.
819 4127 841 4177 ὃ.
884 4125 894 4156 ⁴
912 4122 936 4178 S.
949 4123 1038 4176 142h.
1049 4122 1072 4174 2.
1115 4125 1126 4155 ⁸
1144 4122 1253 4175 Luther.

125 4188 245 4257 Staupitz
271 4189 326 4242 und
352 4189 452 4243 Luther
479 4207 566 4244 waren
593 4193 662 4245 nach
686 4192 772 4245 dieser
788 4191 956 4260 Erwtlmung
973 4191 1000 4243 iu
1018 4190 1107 4244 Erfurt
1125 4189 1188 4257 oder
1204 4189 1255 4242 mit

125 4256 243 4325 Langia
262 4257 348 4311 Gotha
375 4258 417 4310 bei
445 4259 495 4312 deu
522 4260 708 4328 Augustinorn.
779 4260 942 4313 ruadanus
968 4258 1040 4312 fehlt.
1111 4259 1254 4311 'Aussere

125 4326 247 4378 Adresse.
319 4325 408 4380 ⁸th
437 4326 546 4390 llessus,
574 4329 624 4381 wie
651 4344 699 4382 eus
725 4329 786 4380 dem
813 4328 872 4397 fulg.
901 4327 958 4380 sich
985 4326 1091 4406 ergiebt.
1126 4324 1253 4380 Demelbe

126 4393 199 4446 hatte
225 4393 302 4447 einen
328 4393 452 4462 Hymnus
478 4395 610 4463 paschalis
636 4395 770 4465 gedichtet
796 4397 851 4449 uud
878 4394 1098 4449 wahrschemlich
1116 4393 1191 4462 Lang
1207 4410 1253 4463 ge-

126 4461 243 4516 widmet.
280 4461 340 4515 urst
366 4463 435 4517 nach
460 4462 564 4517 Eebaus
589 4463 658 4517 Tode
684 4464 897 4534 herausgegeben
916 4480 967 4518 von
985 4463 1089 4532 Asclep.
1112 4460 1252 4517 Barbatus.

126 4527 208 4598 Marp.
229 4528 304 4585 1542.
339 4529 399 4584 Nur
413 4546 461 4585 aus
479 4530 568 4600 obiger
585 4530 666 4586 Stelle
683 4530 802 4585 erfehren
820 4531 876 4595 wir,
895 4532 956 4586 dass
974 4532 1020 4585 der
1037 4530 1161 4600 Hymnus
1186 4531 1253 4582 ltu

125 4597 259 4666 gedichtet
275 4599 373 4654 warde.
408 4598 549 4669 Krauee,
566 4599 630 4657 Eeb.
648 4599 728 4657 Hees.
746 4599 770 4670 t,
784 4599 848 4657 tha.
