2774 4966
543 643 651 696 Mutine
670 656 703 695 en
723 641 824 698 Urbeu.
1180 645 1245 710 463

110 830 225 901 (eorm.)
642 815 714 878 394.
996 832 1036 885 13.
1055 834 1121 901 aug.
1141 832 1240 902 (1514).

485 940 632 1010 Mutian
654 959 703 1009 an
726 938 867 1010 Urhan.

110 1069 292 1136 (Summerinq
321 1073 394 1136 orbqe
422 1069 472 1121 den
501 1068 736 1136 restauratumque
771 1067 890 1120 u'ulaard
917 1085 969 1120 aur
997 1069 1165 1136 schtcrua'qm
1194 1070 1243 1123 Bc-

110 1139 251 1205 srlcaffuny
269 1139 313 1189 des
332 1136 467 1205 Daphrrrrcs
484 1137 532 1203 fur
551 1137 676 1205 Spalotin
689 1137 837 1193 nutrcem.
874 1137 980 1189 uocaus
998 1136 1130 1190 Heroidmr
1147 1139 1193 1190 hal
1206 1138 1244 1192 M.

153 1223 192 1259 aar
208 1206 257 1258 den
276 1204 439 1271 Kurfitrsten
454 1205 573 1273 pesandt,
591 1223 637 1256 um
657 1207 728 1257 scine
746 1204 973 1272 Ihrlrtcrlrbamry
990 1205 1202 1273 comumnes.)

142 1320 245 1369 Docto
262 1319 412 1379 magistro
430 1322 463 1369 et
480 1318 629 1379 prudenti
647 1317 866 1378 patrifamilias
884 1319 926 1369 Η.
944 1320 1083 1379 Urbano,
1107 1322 1206 1372 emico

464 1403 698 1462 officiosissimo,
715 1405 760 1454 M.
777 1404 888 1456 Bulba.

216 1513 248 1577 S.
296 1514 435 1576 Damnas
458 1536 625 1596 personam
644 1515 675 1576 in
695 1513 876 1577 Nithardo.¹
916 1514 1117 1578 Rectefacis.
1156 1516 1243 1579 Fuco

110 1606 141 1664 et
165 1600 262 1663 stibio
295 1600 372 1663 nihil
398 1604 447 1662 est
469 1621 559 1680 opus
592 1606 624 1661 ut
650 1599 789 1681 explicet
822 1601 1034 1681 expediatque
1069 1603 1242 1683 negotium.

111 1686 202 1749 Mitte
225 1683 418 1762 Cottonem,²
451 1687 505 1767 qui
535 1686 636 1748 dicat:
671 1686 769 1762 ,Scia
798 1686 910 1765 quanti
934 1689 966 1748 te
989 1685 1109 1749 faciant
1131 1685 1244 1769 Spala-

110 1773 208 1849 tinus,
242 1769 389 1833 Urbanus
412 1775 444 1832 et
468 1770 640 1833 Mutianus.
686 1770 902 1851 Experiantur
933 1771 1059 1833 tandem
1085 1773 1117 1834 in
1142 1773 1244 1853 diplo-

111 1861 196 1920 mate
224 1861 310 1918 tuarn
341 1855 444 1918 tidem.
492 1855 623 1918 Declara
653 1875 727 1935 erga
759 1875 812 1917 eos
844 1855 1106 1919 benevolentiam.
1153 1857 1178 1920 A
1212 1862 1244 1920 te

112 1949 185 2024 peto
220 1941 370 2022 majorem
402 1941 433 2003 in
470 1940 608 2016 modum,
638 1947 673 2003 ut
703 1939 831 2004 honoris
866 1942 927 2003 mei
957 1943 1061 2022 gratie
1094 1943 1243 2024 prodesse

112 2027 189 2090 velis
219 2033 330 2090 sancte
359 2025 501 2089 colendis
524 2031 557 2089 et
579 2026 732 2090 studiosis
763 2027 847 2088 viris.
893 2026 992 2106 quue
1014 2033 1051 2090 ut
1074 2027 1183 2105 facias,
1212 2033 1244 2091 te

112 2112 316 2175 vehementer
332 2112 427 2174 etiam
444 2116 542 2192 atque
558 2113 653 2174 etiam
671 2113 776 2192 rogo.“
822 2109 856 2174 Si
873 2112 1092 2192 respondebit:
1120 2112 1243 2195 ,biart

114 2198 245 2279 ,Hem“,
270 2196 353 2259 dicet
377 2194 480 2274 Coti0,
507 2218 595 2275 ,sero
619 2198 713 2259 nimis
744 2195 888 2259 tortasse.
937 2196 1077 2279 Petrejus
1109 2198 1245 2280 singulis

111 2304 207 2365 prope
237 2281 401 2345 mensibus
429 2282 478 2345 bis
506 2281 617 2345 scribit
640 2285 672 2345 et
701 2282 863 2345 dormiunt
889 2283 936 2344 tui
964 2282 1064 2345 ecdici
1092 2284 1124 2345 in
1158 2285 1245 2346 curia

111 2369 265 2433 Romana.
313 2366 423 2430 Facito
447 2367 615 2449 diligenter
638 2389 701 2429 rem
726 2388 816 2429 cures
839 2368 1012 2450 interprete
1041 2366 1244 2432 Osimundo.⁸

112 2453 182 2517 Non
216 2459 248 2516 te
277 2454 437 2535 praeterit,
472 2473 566 2534 quam
602 2453 645 2514 sit
678 2453 838 2533 gratiosus
875 2453 905 2514 in
942 2453 1014 2515 aula
1049 2453 1243 2535 Spoletinus.

111 2537 309 2602 Obtinebit.“
364 2535 483 2619 Scripsi
515 2537 555 2600 ad
584 2537 619 2599 D.
648 2536 868 2611 Fridericum,⁴
901 2538 940 2600 ad
974 2538 1243 2618 Degenhardum)

110 2624 151 2688 ad
171 2621 390 2699 Hirsfetdum‚⁶
413 2624 453 2687 ad
477 2621 689 2705 Spalatinum.
736 2621 872 2686 Russus⁷
889 2629 995 2685 tamen
1013 2623 1118 2687 adhuc
1134 2625 1244 2706 spiret.

112 2709 190 2773 Mihi
225 2711 271 2772 ita
303 2709 485 2789 persuadeo,
515 2709 541 2770 si
573 2708 752 2784 decesserit,
787 2713 928 2771 nostram
964 2729 1032 2771 esse
1066 2710 1244 2773 victoriam.

112 2795 191 2858 Dedi
230 2795 370 2875 Reginos
408 2791 545 2857 Eobani⁸
584 2794 620 2856 D.
652 2793 821 2869 Friderico,
860 2794 1079 2857 commendavi
1117 2801 1244 2876 poetam

113 2884 223 2943 nostra
247 2879 483 2943 necessitudine
500 2879 732 2960 dignissimum.
773 2879 921 2952 Habebit,
939 2880 967 2941 si
983 2879 1077 2956 volet,
1095 2879 1244 2945 lauream.

113 2965 180 3047 Ego
209 2965 402 3048 impetrab03
431 2986 516 3027 nunc
542 2965 663 3028 aditum
688 2964 728 3026 ad
752 2986 900 3027 coronam
931 2964 1073 3045 patefeci.
1120 2965 1246 3047 Degen-

113 3051 247 3114 hardum
283 3051 445 3122 admonui,
480 3055 516 3113 ut
552 3050 737 3112 decuriones
772 3048 939 3113 Gothanos
977 3049 1180 3115 confirmaret
1213 3053 1245 3115 in
1340 3049 1344 3056 ’

113 3137 321 3218 promissione
338 3136 415 3198 mihi
433 3133 543 3199 lacta.⁰
581 3134 746 3198 Hersteldo
763 3156 879 3199 munus
895 3135 1038 3198 obtuli.'⁰
1077 3136 1244 3218 Spalatino

113 3223 234 3304 scripsi,
272 3227 309 3284 ut
343 3221 484 3284 Duronio
518 3221 596 3284 nihil
631 3242 750 3302 aspere,
790 3220 868 3284 nihil
906 3220 1017 3284 acerbe
1055 3222 1174 3286 diceret
1207 3223 1246 3287 de

113 3314 257 3371 curatore
281 3329 356 3370 suae
380 3307 505 3382 caulae,
530 3323 587 3370 nos
610 3327 666 3388 pro
690 3313 831 3386 tempore
861 3306 979 3369 mederi
1002 3307 1082 3370 velle
1106 3309 1245 3390 negotio.

113 3393 288 3456 Duronium
320 3392 425 3455 favere
459 3393 564 3471 asin03
597 3392 777 3472 parceret.¹'
826 3392 893 3455 Hoc
924 3396 966 3466 te,
996 3392 1135 3469 Urbane,
1166 3395 1247 3458 scire

112 3479 209 3556 volui,
234 3482 270 3540 ut
293 3477 455 3559 gauderes.
503 3477 581 3540 Nam
611 3477 771 3540 Duronius
794 3477 855 3540 tibi
878 3485 1079 3542 succenseret
1101 3484 1134 3543 et
1159 3479 1246 3557 mihi,

115 3565 141 3627 si
177 3564 429 3627 exacerbaretur.
488 3563 627 3626 Nuntius
664 3585 753 3625 meus
795 3564 855 3626 tuit
893 3563 1088 3628 Burchartus
1125 3565 1246 3642 Hnndt,

184 3701 191 3730 ¹
211 3699 329 3751 Erfurtor
346 3696 507 3765 Pnipositus,
526 3696 586 3747 dem
605 3695 647 3747 dic
661 3695 775 3748 Austerti
831 3695 1113 3764 gdesSpalatinschen
1124 3697 1245 3766 Diploms

112 3766 156 3819 obl
191 3811 195 3821 .
228 3767 253 3821 S.
271 3768 323 3818 443
341 3770 371 3819 A.
390 3768 416 3817 4.
486 3763 686 3817 ’Βὸιηηιοήι].
717 3764 743 3817 S.
762 3712 860 3817 diluit.
880 3766 904 3818 o.
976 3765 1033 3816 ³0.
1052 3764 1180 3832 Osmund,
1199 3765 1245 3819 Ol·

112 3836 154 3887 lizi
184 3877 189 3887 .
225 3836 251 3889 S.
271 3836 321 3887 ato
341 3839 370 3887 A.
390 3835 413 3888 2.
468 3832 594 3884 'Divum
616 3831 665 3897 Fr,
685 3832 757 3885 Kurt.
776 3831 912 3885 Friedrich
929 3833 976 3884 der
994 3833 1091 3888 Weiss.
1146 3825 1246 3887 refel-

112 3905 204 3972 ttngcr,
223 3903 358 3956 hursitchs.
378 3902 436 3956 nat.
472 3900 497 3953 S.
517 3902 533 3951 4
552 3903 582 3952 A.
602 3901 625 3952 2.
696 3902 707 3933 ⁶
728 3900 861 3953 Remhaid
881 3900 1039 3966 Hirschfeld,
1058 3902 1241 3957 Cubiculanus

112 3973 159 4025 dos
176 3972 341 4025 Kurltrston.
378 3971 403 4025 S.
422 3969 473 4021 428
493 3972 522 4022 Α.
542 3972 565 4022 d.
638 3968 750 4036 'Georg
768 3968 846 4034 Russ,
865 3969 942 4022 Goth.
961 3969 1118 4024 Kanobikon
1145 3970 1172 4024 S.
1190 3973 1245 4025 444

113 4044 143 4093 A.
164 4043 185 4093 1.
249 4040 324 4092 ruis
343 4039 474 4093 Heroidon
492 4037 520 4090 E.
540 4036 657 4090 Hossus'.
696 4037 784 4105 Iaeipz.
806 4040 879 4090 1514.
916 4038 970 4089 Dor
986 4037 1247 4108 Emplehlungsbn'et

112 4109 147 4161 ist
170 4109 238 4161 noch
263 4109 422 4175 rorhenclnn,
450 4105 554 4183 ahgcdr.
573 4122 625 4157 von
643 4105 744 4169 Tenzel,
770 4105 907 4173 Reliquiae
926 4122 983 4173 opp.
1003 4105 1068 4159 Mat.
1090 4124 1113 4175 p.
1133 4107 1174 4173 23,
1193 4108 1245 4164 dut.

114 4179 154 4244 1¹3.
181 4183 247 4244 Aug.
268 4178 342 4228 1514.
379 4176 415 4228 Er
433 4176 467 4226 ist
486 4191 511 4225 1n
530 4174 672 4227 deutscber
689 4173 804 4242 Spracho
824 4175 995 4240 gosclnichen
1019 4175 1164 4243 (riollcicht
1191 4177 1250 4229 eino

113 4239 296 4312 Ubersctzung
322 4243 473 4311 Spalatum).
511 4241 545 4294 M.
573 4243 645 4308 klugt
671 4243 744 4294 dorin
773 4244 906 4310 augloich
922 4245 987 4294 tiber
1016 4244 1058 4296 (lic
1086 4245 1190 4296 Wirron
1220 4247 1246 4297 in

113 4315 228 4381 ungam.
253 4313 400 4366 Schwabcn
426 4311 479 4364 und
506 4310 616 4364 Hessen.
654 4311 712 4377 l'gl.
733 4311 773 4364 ur.
793 4313 851 4364 411.
889 4302 961 4364 bue·
985 4313 1027 4364 dio
1053 4312 1245 4381 Bourtihungen

113 4399 157 4435 urn
169 4383 272 4435 Eobans
282 4382 407 4449 Kn'tnung
420 4381 485 4434 moa
496 4379 546 4446 rgl.
561 4379 586 4432 S.
603 4381 652 4430 116
670 4383 700 4432 A.
720 4382 743 4434 3.
798 4381 809 4411 ⁹
827 4380 1004 4432 llinsichtlich
1019 4380 1245 4434 derGoocleschen

112 4451 238 4504 Pfrunde.
274 4451 317 4502 ΒΓ.
339 4453 396 4503 alo.
469 4450 490 4479 ¹⁰
507 4452 532 4500 ὃ.
551 4448 603 4500 462
626 4451 657 4500 A.
680 4449 700 4500 l.
774 4451 792 4478 '¹
811 4448 865 4501 lior
893 4448 946 4500 not
973 4449 1116 4511 (Duronius
1142 4450 1168 4502 S.
1199 4451 1248 4503 108
1360 4504 1365 4517 ,

113 4523 143 4573 A.
164 4519 189 4586 1)
207 4518 281 4571 hatte
298 4519 355 4571 sich
376 4517 464 4569 bisber
481 4532 563 4582 gagen
583 4517 633 4568 cleu
652 4517 824 4582 unsuirdigen
853 4517 934 4569 Vilior
959 4534 1009 4569 von
1035 4515 1247 4583 Hoheutirclren,

112 4587 369 4708 {iwiiapmhw
398 4585 514 4654 Spalatiu
535 4601 555 4636 s.
578 4586 643 4637 150?
674 4584 771 4652 besass,
799 4585 868 4638 allzu
891 4586 1025 4638 schonend
1043 4587 1152 4654 gezeigt.
1189 4586 1247 4656 vgl.
