2774 4966
515 34 520 53 Ι

514 62 518 75 Ι

512 82 518 93 ο

501 126 508 143 ἢ

128 621 194 704 430
541 632 733 693 eamear.
752 632 826 694 rure.

234 807 342 872 Laude
363 829 454 890 pares
477 807 564 871 fandi
587 807 751 890 titulisque
773 809 926 890 superbus
948 813 980 873 el
1003 832 1090 887 auro,

273 894 300 956 si
323 893 425 956 scelus
448 892 614 967 addideris,
637 890 776 957 Graccus
797 902 928 977 uterque
950 895 1019 959 fuit.

232 979 327 1043 Aufer
348 986 380 1041 et
401 979 533 1042 insidias
555 984 587 1040 et
608 978 745 1055 fraudes,
767 978 872 1053 Balde,
896 987 1055 1060 nocentes,

273 1066 427 1128 sincerum
451 1064 547 1127 faciat
570 1085 670 1144 poena
692 1086 799 1129 severa
821 1068 931 1129 virum.

231 1150 346 1221 Habes,
380 1150 497 1231 quibus
529 1149 647 1213 finibus
680 1156 860 1214 coerceatur
891 1152 1023 1216 audacia
1050 1157 1082 1217 et
1103 1152 1247 1236 pertidia.

132 1237 234 1323 „Suae
250 1237 383 1318 quisque
398 1235 486 1298 faber
501 1240 550 1298 est
566 1234 753 1299 fortunae.“¹
798 1235 966 1319 Nunquam
989 1242 1100 1302 sancta
1121 1238 1246 1322 simpli·

128 1326 209 1389 citas
230 1324 344 1386 statuit
370 1320 521 1404 trophaea
552 1319 706 1403 perfidiae.
753 1321 864 1386 Audax
892 1324 934 1386 sit
962 1331 1096 1406 oportet,
1125 1325 1182 1406 qui
1210 1322 1245 1390 id

128 1411 279 1493 sequitur,
315 1407 398 1488 quod
432 1407 557 1487 assequi
591 1408 658 1469 eine
692 1408 828 1488 periculo
863 1411 980 1491 nequit.
1035 1408 1135 1473 Nemo
1173 1411 1247 1492 plus

127 1496 252 1569 audeat,
287 1514 379 1575 quam
415 1499 449 1556 ut
485 1493 587 1574 possit
618 1492 754 1556 tolerari.
799 1493 930 1570 Quando
956 1495 1009 1577 jus
1038 1502 1071 1559 et
1102 1495 1247 1577 dignitas

128 1602 286 1645 sacrorum
310 1579 513 1653 subvertitur,
537 1578 630 1641 etiam
677 1580 744 1641 uies
766 1584 798 1641 et
819 1581 906 1644 salus
928 1581 1067 1645 civitatis
1090 1582 1245 1646 elevatur.

128 1669 325 1733 Documento
348 1670 423 1727 sunt
444 1663 580 1728 Sinones
602 1670 634 1727 et
654 1600 820 1742 datilinae,
837 1669 890 1748 qui
906 1667 1055 1730 adversus
1076 1667 1245 1748 imperium

127 1748 270 1817 Martini²
303 1749 454 1813 nefariam
487 1771 612 1832 operam
645 1757 854 1830 sumpserunt.
900 1750 962 1815 Sed
995 1752 1072 1816 deus
1102 1753 1248 1834 optimus

127 1840 285 1904 maximus
314 1835 447 1900 salutern
475 1836 515 1899 ad
547 1835 672 1911 multos,
703 1856 834 1917 poenam
857 1838 895 1899 ad
918 1860 1036 1920 pauens
1069 1838 1248 1903 redundare

126 1925 235 1990 voluit.

279 2022 340 2076 Coo.
359 2020 424 2076 Frui.
444 2021 500 2075 169.

126 2210 240 2281 (mon)
648 2192 719 2255 360.
1020 2212 1044 2264 s.
1061 2209 1123 2263 runi
1143 2211 1247 2283 (1514).

495 2318 639 2389 lintion
662 2340 709 2388 an
732 2317 870 2388 Urban.

126 2451 193 2519 (Hal
209 2449 265 2503 sabla
282 2449 325 2501 die
342 2447 448 2501 Nurrrerr
463 2448 509 2500 der
527 2465 575 2500 ron
591 2447 641 2499 dere
658 2446 800 2500 diuinum
821 2447 970 2513 Gesfrusteu
986 2448 1141 2515 aripernerld,
1156 2450 1247 2517 pretet

124 2520 183 2574 sr‘clr
205 2517 337 2587 platelliclr
362 2533 445 2585 rceyen
472 2518 558 2569 seirrer
579 2514 744 2584 sreiur'llr'peu
768 2517 866 2569 Armet
891 2516 947 2568 urrd
968 2516 1245 2585 meulyezoyenlreu.

126 2588 195 2642 Hui
219 2585 392 2641 Sobrindr'sm
415 2585 445 2638 iu
468 2585 566 2638 Haesere
591 2585 625 2637 ist
650 2584 682 2636 iu
703 2584 780 2652 Fnlpe
797 2586 840 2637 des
855 2585 1008 2653 poliliaclrerr
1041 2584 1247 2655 emmaum

124 2656 257 2710 veranne
292 2654 416 2707 Frornme
446 2653 572 2707 thnselre
594 2653 642 2719 fr'a'r
663 2653 712 2706 dus
728 2670 793 2705 neree
810 2654 952 2723 Rapimenl.
991 2653 1111 2706 Osmurrd
1125 2656 1179 2708 solt
1193 2657 1247 2711 dus

126 2724 307 2780 Hekateu'u
322 2722 395 2776 nictu
411 2723 542 2775 salientur.
578 2721 614 2775 df.
627 2722 688 2840 licill
699 2722 780 2843 mm
770 2723 815 2775 der
831 2722 924 2775 Portet
951 2721 1129 2791 Sonrmeriups
1154 2724 1246 2779 nielru

566 2808 601 2843 au
618 2796 683 2843 trun
783 2796 800 2857 .)

160 2908 283 2959 Dilecto
301 2906 360 2958 sibi
378 2905 505 2956 Urbano
522 2907 658 2967 nemos
674 2905 869 2967 armassem
881 2907 972 2967 juxta
988 2907 1089 2968 perito
1106 2919 1212 2957 rerum

475 2995 568 3052 atque
584 2991 745 3042 literarum
763 2992 793 3042 S.
811 3003 842 3052 p.
860 2990 890 3041 d.

227 3103 343 3167 Notavi
380 3124 442 3172 eos,
479 3102 613 3181 Urbane,
652 3103 706 3184 qui
743 3103 834 3167 abusi
870 3101 987 3166 furiosa
1025 3103 1243 3168 dominatione

125 3190 228 3275 puniti
250 3195 325 3252 sont
347 3189 448 3251 ultore
470 3189 615 3252 blartino.
661 3189 797 3253 Catilina
820 3195 868 3252 est
890 3189 1045 3252 Antonius
1067 3187 1244 3253 laloteros.⁴

126 3278 224 3342 Sinon
259 3274 319 3337 fuit
352 3273 549 3337 Bertholdus.
604 3274 735 3338 Bnldum
769 3277 880 3358 opinor
913 3276 1006 3338 nosti.
1062 3275 1128 3354 Ego
1162 3275 1242 3338 mibi

125 3362 275 3425 ficticium
311 3381 434 3436 nomen,
462 3382 501 3423 ne
529 3360 644 3423 malum
675 3361 767 3424 stilus
801 3362 964 3443 parturiat,
999 3360 1107 3423 indidi.
1153 3360 1241 3425 Nihil

126 3447 262 3511 vividius
284 3467 321 3508 ao
344 3447 447 3508 verius
470 3446 532 3508 dici
553 3450 669 3528 potest,
692 3468 785 3528 quam
809 3447 927 3509 dictum
951 3452 999 3509 est
1015 3447 1046 3509 in
1064 3446 1241 3510 causidicos

127 3539 235 3597 sontes
258 3537 290 3594 et
312 3531 396 3594 leves
412 3531 460 3594 vel
476 3533 583 3612 potius
599 3533 692 3612 impie
709 3534 838 3596 noxios:
864 3530 1003 3612 „Quibus
1020 3532 1097 3595 dant
1113 3531 1242 3596 fraudes

126 3618 347 3694 emolumenta,
370 3617 523 3681 dederunt
546 3622 577 3680 et
599 3618 780 3700 supplicia.“
830 3620 897 3697 „An
922 3617 986 3679 nlla
1009 3617 1160 3699 putatis“,
1189 3619 1241 3681 in·

127 3705 197 3786 quit
211 3703 376 3783 Vergilius,
399 3703 501 3782 „dona
523 3725 626 3766 carere
649 3702 788 3767 dolis‘?“⁸
826 3702 974 3766 Gratulor
988 3725 1075 3768 meae
1090 3704 1241 3777 desidiae,

126 3813 206 3873 quae
244 3790 338 3852 nullis
375 3789 531 3870 corrumpi
568 3794 673 3872 potest
708 3789 937 3871 largitionibus,
994 3789 1075 3852 'Puta
1108 3812 1159 3851 res
1192 3796 1242 3854 est

127 3877 270 3940 ultronea
308 3881 340 3938 et
378 3874 461 3937 laeto
498 3881 665 3956 paupertas
707 3879 738 3938 et
777 3877 861 3938 vitae
897 3876 1087 3938 innocentia.
1150 3875 1241 3940 llioat

126 3961 249 4025 Momus
272 3961 438 4041 inglorium
457 3966 489 4022 et
503 3961 647 4023 socordia
664 3961 854 4024 hebetiorem
871 3982 920 4024 mo
936 3960 1063 4024 factum.
1102 3960 1242 4026 Fatebor

126 4048 251 4112 tardum
274 4069 352 4115 esse,
375 4047 428 4109 sed
453 4046 530 4108 adeo
553 4046 685 4109 stultum
711 4048 848 4118 minime,
865 4047 939 4127 quin
958 4046 1094 4110 bumana
1111 4050 1243 4127 negotia

127 4135 226 4197 norim
251 4138 282 4195 et
304 4131 449 4195 consulto
472 4154 533 4195 non
558 4154 632 4194 casn
656 4134 766 4195 vivum.
813 4132 898 4208 Sum,
923 4134 980 4195 deo
996 4134 1108 4213 gratia,
1125 4134 1242 4196 mentis

127 4240 262 4301 compos.
308 4217 401 4281 Miser
434 4217 493 4280 ille.
528 4219 671 4300 quisquis
706 4220 736 4280 in
770 4240 890 4281 summe
927 4219 1049 4281 dicendi
1084 4219 1185 4299 gloria
1207 4226 1241 4283 et

125 4305 298 4369 honoribus
341 4302 544 4384 amplissimis
587 4302 741 4367 infelicem
780 4305 910 4367 sortitur
945 4306 1074 4368 exitum.
1133 4302 1242 4368 Minus

125 4391 228 4455 hercle
249 4392 353 4466 miser,
376 4390 425 4452 eni
449 4391 481 4451 in
505 4390 647 4471 sepulcro
670 4391 805 4472 contigit
837 4389 968 4454 humari.
1016 4390 1123 4472 Neque
1156 4391 1242 4456 euim

195 4529 202 4559 ¹
220 4526 280 4581 Sall.
299 4496 347 4579 ab.
367 4526 439 4579 Coos.
458 4525 490 4575 de
508 4540 560 4592 rep.
578 4525 631 4578 ord.
643 4524 663 4591 1,
679 4526 700 4576 l.
754 4524 834 4577 ²Des
846 4523 961 4577 blainzer
974 4523 1086 4577 Stulrles.
1140 4512 1244 4577 'llber

126 4597 215 4649 diesen
241 4596 294 4648 und
321 4597 363 4647 die
391 4595 424 4649 lol
442 4592 525 4645 endon
551 4593 740 4646 Sebeinnarnen
767 4594 818 4663 vgl.
837 4609 890 4645 vor.
909 4593 952 4647 Br.
1022 4591 1242 4661 [tutulum.

127 4655 201 4717 Pher
218 4667 345 4717 Antonius
363 4664 388 4716 S.
407 4612 458 4717 4ξῖ
475 4666 505 4715 Α.
524 4664 548 4716 4.
618 4664 629 4694 ⁶
646 4662 723 4731 Verg.
742 4664 805 4715 Aen.
823 4662 857 4729 11,
874 4662 908 4713 43
925 4678 963 4729 sq.
