<?xml version="1.0" encoding="UTF-8"?>
<!DOCTYPE html PUBLIC "-//W3C//DTD XHTML 1.0 Transitional//EN"
    "http://www.w3.org/TR/xhtml1/DTD/xhtml1-transitional.dtd">
<html xmlns="http://www.w3.org/1999/xhtml" xml:lang="en" lang="en">
 <head>
  <title>
</title>
<meta http-equiv="Content-Type" content="text/html;charset=utf-8" />
  <meta name='ocr-system' content='tesseract 3.04.00' />
  <meta name='ocr-capabilities' content='ocr_page ocr_carea ocr_par ocr_line ocrx_word'/>
</head>
<body>
  <div class='ocr_page' id='page_1' title='image "./derbriefwechsel00kraugoog_0678.png"; bbox 0 0 2774 4966; ppageno 0'>
   <div class='ocr_carea' id='block_1_1' title="bbox 548 674 1246 746">
    <p class='ocr_par' dir='ltr' id='par_1_1' title="bbox 548 674 1246 746">
     <span class='ocr_line' id='line_1_1' title="bbox 548 674 1246 746; baseline 0.016 -10"><span class='ocrx_word' id='word_1_1' title='bbox 548 675 641 736; x_wconf 85' lang='lat' dir='ltr'>Eeban</span> <span class='ocrx_word' id='word_1_2' title='bbox 660 699 693 735; x_wconf 88' lang='lat' dir='ltr'>an</span> <span class='ocrx_word' id='word_1_3' title='bbox 713 676 825 735; x_wconf 81' lang='lat' dir='ltr'>Mation.</span> <span class='ocrx_word' id='word_1_4' title='bbox 1184 674 1246 746; x_wconf 80' lang='lat'>591</span> 
     </span>
    </p>
   </div>
   <div class='ocr_carea' id='block_1_2' title="bbox 124 851 1321 2295">
    <p class='ocr_par' dir='ltr' id='par_1_2' title="bbox 124 851 1321 2295">
     <span class='ocr_line' id='line_1_2' title="bbox 126 851 1253 937; baseline -0.002 -19"><span class='ocrx_word' id='word_1_5' title='bbox 126 852 246 918; x_wconf 89' lang='lat' dir='ltr'>dierum</span> <span class='ocrx_word' id='word_1_6' title='bbox 270 855 457 926; x_wconf 88' lang='lat' dir='ltr'>selectarum</span> <span class='ocrx_word' id='word_1_7' title='bbox 481 855 560 917; x_wconf 83' lang='lat' dir='ltr'>satis</span> <span class='ocrx_word' id='word_1_8' title='bbox 582 854 760 937; x_wconf 88' lang='lat' dir='ltr'>ponderosa</span> <span class='ocrx_word' id='word_1_9' title='bbox 780 857 811 914; x_wconf 86' lang='lat' dir='ltr'>et</span> <span class='ocrx_word' id='word_1_10' title='bbox 827 851 963 933; x_wconf 85' lang='lat' dir='ltr'>abiegno</span> <span class='ocrx_word' id='word_1_11' title='bbox 986 853 1128 934; x_wconf 84' lang='lat' dir='ltr'>scipione</span> <span class='ocrx_word' id='word_1_12' title='bbox 1149 856 1253 916; x_wconf 86' lang='lat' dir='ltr'>trans·</span> 
     </span>
     <span class='ocr_line' id='line_1_3' title="bbox 126 937 1251 1019; baseline -0.003 -15"><span class='ocrx_word' id='word_1_13' title='bbox 126 941 250 1004; x_wconf 87' lang='lat' dir='ltr'>misisti.</span> <span class='ocrx_word' id='word_1_14' title='bbox 308 940 381 1003; x_wconf 83' lang='lat' dir='ltr'>lllox</span> <span class='ocrx_word' id='word_1_15' title='bbox 417 945 453 1003; x_wconf 86' lang='lat' dir='ltr'>ut</span> <span class='ocrx_word' id='word_1_16' title='bbox 485 942 654 1003; x_wconf 89' lang='lat' dir='ltr'>secundam</span> <span class='ocrx_word' id='word_1_17' title='bbox 696 937 891 1019; x_wconf 79' lang='lat' dir='ltr'>Erplrurdiae</span> <span class='ocrx_word' id='word_1_18' title='bbox 928 942 1050 1019; x_wconf 88' lang='lat' dir='ltr'>portam</span> <span class='ocrx_word' id='word_1_19' title='bbox 1085 940 1251 1017; x_wconf 86' lang='lat' dir='ltr'>intramus,</span> 
     </span>
     <span class='ocr_line' id='line_1_4' title="bbox 125 1023 1252 1106; baseline -0.003 -17"><span class='ocrx_word' id='word_1_20' title='bbox 125 1027 263 1089; x_wconf 87' lang='lat' dir='ltr'>occurrit</span> <span class='ocrx_word' id='word_1_21' title='bbox 298 1025 390 1089; x_wconf 90' lang='lat' dir='ltr'>nobis</span> <span class='ocrx_word' id='word_1_22' title='bbox 423 1025 579 1106; x_wconf 79' lang='lat' dir='ltr'><strong>Georgius</strong></span> <span class='ocrx_word' id='word_1_23' title='bbox 614 1023 854 1103; x_wconf 80' lang='lat' dir='ltr'>Hennebergius</span> <span class='ocrx_word' id='word_1_24' title='bbox 888 1024 1005 1086; x_wconf 79' lang='lat' dir='ltr'>comes¹</span> <span class='ocrx_word' id='word_1_25' title='bbox 1040 1030 1071 1086; x_wconf 86' lang='lat' dir='ltr'>et</span> <span class='ocrx_word' id='word_1_26' title='bbox 1104 1024 1252 1105; x_wconf 81' lang='lat' dir='ltr'>„Hesse“,</span> 
     </span>
     <span class='ocr_line' id='line_1_5' title="bbox 125 1108 1251 1193; baseline -0.003 -18"><span class='ocrx_word' id='word_1_27' title='bbox 125 1113 232 1191; x_wconf 89' lang='lat' dir='ltr'>inquit</span> <span class='ocrx_word' id='word_1_28' title='bbox 258 1112 352 1192; x_wconf 79' lang='lat' dir='ltr'>„quid</span> <span class='ocrx_word' id='word_1_29' title='bbox 377 1111 524 1193; x_wconf 82' lang='lat' dir='ltr'>portas?“</span> <span class='ocrx_word' id='word_1_30' title='bbox 572 1109 651 1173; x_wconf 84' lang='lat' dir='ltr'>Tum</span> <span class='ocrx_word' id='word_1_31' title='bbox 676 1131 734 1191; x_wconf 82' lang='lat' dir='ltr'>ego</span> <span class='ocrx_word' id='word_1_32' title='bbox 765 1108 900 1190; x_wconf 84' lang='lat' dir='ltr'>„Munus</span> <span class='ocrx_word' id='word_1_33' title='bbox 930 1108 1084 1171; x_wconf 84' lang='lat' dir='ltr'>Matiani“</span> <span class='ocrx_word' id='word_1_34' title='bbox 1111 1112 1251 1191; x_wconf 88' lang='lat' dir='ltr'>inquam,</span> 
     </span>
     <span class='ocr_line' id='line_1_6' title="bbox 128 1193 1253 1278; baseline 0 -20"><span class='ocrx_word' id='word_1_35' title='bbox 128 1197 304 1278; x_wconf 82' lang='lat' dir='ltr'>„poeticam</span> <span class='ocrx_word' id='word_1_36' title='bbox 327 1195 500 1258; x_wconf 84' lang='lat' dir='ltr'>tabulam.“</span> <span class='ocrx_word' id='word_1_37' title='bbox 548 1196 603 1259; x_wconf 89' lang='lat' dir='ltr'>llle</span> <span class='ocrx_word' id='word_1_38' title='bbox 633 1202 721 1258; x_wconf 89' lang='lat' dir='ltr'>ratus</span> <span class='ocrx_word' id='word_1_39' title='bbox 756 1215 870 1257; x_wconf 85' lang='lat' dir='ltr'>noram</span> <span class='ocrx_word' id='word_1_40' title='bbox 906 1193 1096 1274; x_wconf 82' lang='lat' dir='ltr'>syllabarum</span> <span class='ocrx_word' id='word_1_41' title='bbox 1131 1196 1253 1258; x_wconf 88' lang='lat' dir='ltr'>dimen-</span> 
     </span>
     <span class='ocr_line' id='line_1_7' title="bbox 124 1279 1252 1360; baseline -0.001 -16"><span class='ocrx_word' id='word_1_42' title='bbox 124 1283 244 1344; x_wconf 86' lang='lat' dir='ltr'>sionem</span> <span class='ocrx_word' id='word_1_43' title='bbox 278 1280 355 1343; x_wconf 89' lang='lat' dir='ltr'>inibi</span> <span class='ocrx_word' id='word_1_44' title='bbox 392 1283 547 1344; x_wconf 71' lang='lat' dir='ltr'>contineri</span> <span class='ocrx_word' id='word_1_45' title='bbox 582 1279 679 1345; x_wconf 81' lang='lat' dir='ltr'>Croto</span> <span class='ocrx_word' id='word_1_46' title='bbox 713 1280 790 1343; x_wconf 87' lang='lat' dir='ltr'>haec</span> <span class='ocrx_word' id='word_1_47' title='bbox 823 1299 886 1341; x_wconf 91' lang='lat' dir='ltr'>uno</span> <span class='ocrx_word' id='word_1_48' title='bbox 920 1280 1034 1360; x_wconf 88' lang='lat' dir='ltr'>spiritu</span> <span class='ocrx_word' id='word_1_49' title='bbox 1071 1280 1252 1344; x_wconf 80' lang='lat' dir='ltr'>denunciat.</span> 
     </span>
     <span class='ocr_line' id='line_1_8' title="bbox 126 1364 1262 1448; baseline 0 -19"><span class='ocrx_word' id='word_1_50' title='bbox 126 1366 243 1429; x_wconf 86' lang='lat' dir='ltr'>Crotus</span> <span class='ocrx_word' id='word_1_51' title='bbox 279 1371 484 1448; x_wconf 76' lang='lat' dir='ltr'>properanter</span> <span class='ocrx_word' id='word_1_52' title='bbox 517 1389 551 1428; x_wconf 88' lang='lat' dir='ltr'>se</span> <span class='ocrx_word' id='word_1_53' title='bbox 586 1367 625 1428; x_wconf 88' lang='lat' dir='ltr'>ad</span> <span class='ocrx_word' id='word_1_54' title='bbox 659 1365 828 1445; x_wconf 72' lang='lat' dir='ltr'>angelicas</span> <span class='ocrx_word' id='word_1_55' title='bbox 864 1365 957 1426; x_wconf 88' lang='lat' dir='ltr'>aedes</span> <span class='ocrx_word' id='word_1_56' title='bbox 995 1364 1117 1428; x_wconf 78' lang='lat' dir='ltr'>consent</span> <span class='ocrx_word' id='word_1_57' title='bbox 1148 1374 1181 1429; x_wconf 87' lang='lat' dir='ltr'>et.</span> <span class='ocrx_word' id='word_1_58' title='bbox 1212 1367 1262 1429; x_wconf 86' lang='lat' dir='ltr'>ad&#39;</span> 
     </span>
     <span class='ocr_line' id='line_1_9' title="bbox 127 1449 1253 1533; baseline 0 -19"><span class='ocrx_word' id='word_1_59' title='bbox 127 1453 261 1532; x_wconf 90' lang='lat' dir='ltr'>primum</span> <span class='ocrx_word' id='word_1_60' title='bbox 286 1456 489 1533; x_wconf 86' lang='lat' dir='ltr'>conspectum</span> <span class='ocrx_word' id='word_1_61' title='bbox 517 1450 669 1532; x_wconf 79' lang='lat' dir='ltr'>„Salvus“</span> <span class='ocrx_word' id='word_1_62' title='bbox 694 1451 810 1531; x_wconf 88' lang='lat' dir='ltr'>inquit,</span> <span class='ocrx_word' id='word_1_63' title='bbox 845 1449 1053 1529; x_wconf 70' lang='lat' dir='ltr'>„Hereborde</span> <span class='ocrx_word' id='word_1_64' title='bbox 1086 1451 1253 1515; x_wconf 86' lang='lat' dir='ltr'>advenisti.</span> 
     </span>
     <span class='ocr_line' id='line_1_10' title="bbox 125 1533 1253 1618; baseline 0.001 -19"><span class='ocrx_word' id='word_1_65' title='bbox 125 1536 170 1600; x_wconf 83' lang='lat' dir='ltr'>Tu</span> <span class='ocrx_word' id='word_1_66' title='bbox 206 1557 289 1611; x_wconf 82' lang='lat' dir='ltr'>vero,</span> <span class='ocrx_word' id='word_1_67' title='bbox 324 1535 462 1612; x_wconf 80' lang='lat' dir='ltr'>Eobane,</span> <span class='ocrx_word' id='word_1_68' title='bbox 499 1536 576 1616; x_wconf 91' lang='lat' dir='ltr'>quid</span> <span class='ocrx_word' id='word_1_69' title='bbox 610 1540 660 1599; x_wconf 86' lang='lat' dir='ltr'>est</span> <span class='ocrx_word' id='word_1_70' title='bbox 691 1537 776 1616; x_wconf 92' lang='lat' dir='ltr'>quod</span> <span class='ocrx_word' id='word_1_71' title='bbox 815 1535 889 1599; x_wconf 91' lang='lat' dir='ltr'>novi</span> <span class='ocrx_word' id='word_1_72' title='bbox 927 1533 1062 1597; x_wconf 82' lang='lat' dir='ltr'>affers?“</span> <span class='ocrx_word' id='word_1_73' title='bbox 1120 1536 1162 1599; x_wconf 82' lang='lat' dir='ltr'>Ar</span> <span class='ocrx_word' id='word_1_74' title='bbox 1195 1558 1253 1618; x_wconf 84' lang='lat' dir='ltr'>ego</span> 
     </span>
     <span class='ocr_line' id='line_1_11' title="bbox 131 1619 1321 1703; baseline 0.002 -19"><span class='ocrx_word' id='word_1_75' title='bbox 131 1620 301 1703; x_wconf 81' lang='lat' dir='ltr'>„Respice“</span> <span class='ocrx_word' id='word_1_76' title='bbox 328 1623 468 1702; x_wconf 81' lang='lat' dir='ltr'>inquam,</span> <span class='ocrx_word' id='word_1_77' title='bbox 495 1620 590 1702; x_wconf 87' lang='lat' dir='ltr'>„quid</span> <span class='ocrx_word' id='word_1_78' title='bbox 607 1643 625 1684; x_wconf 92' lang='lat' dir='ltr'>a</span> <span class='ocrx_word' id='word_1_79' title='bbox 641 1622 731 1684; x_wconf 86' lang='lat' dir='ltr'>laeva</span> <span class='ocrx_word' id='word_1_80' title='bbox 746 1620 888 1684; x_wconf 80' lang='lat' dir='ltr'>habes?“</span> <span class='ocrx_word' id='word_1_81' title='bbox 935 1619 996 1684; x_wconf 90' lang='lat' dir='ltr'>Ubi</span> <span class='ocrx_word' id='word_1_82' title='bbox 1013 1642 1077 1684; x_wconf 90' lang='lat' dir='ltr'>rem</span> <span class='ocrx_word' id='word_1_83' title='bbox 1094 1624 1256 1702; x_wconf 85' lang='lat' dir='ltr'>cognovit,</span> <span class='ocrx_word' id='word_1_84' title='bbox 1313 1627 1321 1647; x_wconf 73' lang='lat'><em>¹</em></span> 
     </span>
     <span class='ocr_line' id='line_1_12' title="bbox 125 1705 1254 1789; baseline 0.002 -19"><span class='ocrx_word' id='word_1_85' title='bbox 125 1708 230 1788; x_wconf 87' lang='lat' dir='ltr'>coepit</span> <span class='ocrx_word' id='word_1_86' title='bbox 258 1707 308 1789; x_wconf 87' lang='lat' dir='ltr'>(ut</span> <span class='ocrx_word' id='word_1_87' title='bbox 334 1708 429 1788; x_wconf 88' lang='lat' dir='ltr'>solet)</span> <span class='ocrx_word' id='word_1_88' title='bbox 460 1708 651 1770; x_wconf 88' lang='lat' dir='ltr'>effusissime</span> <span class='ocrx_word' id='word_1_89' title='bbox 684 1707 793 1769; x_wconf 88' lang='lat' dir='ltr'>ridere.</span> <span class='ocrx_word' id='word_1_90' title='bbox 839 1705 1080 1781; x_wconf 82' lang='lat' dir='ltr'>Sciscitabatur‚</span> <span class='ocrx_word' id='word_1_91' title='bbox 1114 1707 1254 1772; x_wconf 84' lang='lat' dir='ltr'>diximus</span> 
     </span>
     <span class='ocr_line' id='line_1_13' title="bbox 127 1791 1254 1875; baseline 0.001 -19"><span class='ocrx_word' id='word_1_92' title='bbox 127 1794 243 1856; x_wconf 86' lang='lat' dir='ltr'>omnia.</span> <span class='ocrx_word' id='word_1_93' title='bbox 289 1792 391 1874; x_wconf 85' lang='lat' dir='ltr'>Super</span> <span class='ocrx_word' id='word_1_94' title='bbox 408 1793 485 1857; x_wconf 88' lang='lat' dir='ltr'>haec</span> <span class='ocrx_word' id='word_1_95' title='bbox 509 1793 585 1875; x_wconf 90' lang='lat' dir='ltr'>quid</span> <span class='ocrx_word' id='word_1_96' title='bbox 610 1791 702 1855; x_wconf 89' lang='lat' dir='ltr'>nobis</span> <span class='ocrx_word' id='word_1_97' title='bbox 725 1793 763 1854; x_wconf 88' lang='lat' dir='ltr'>de</span> <span class='ocrx_word' id='word_1_98' title='bbox 786 1791 888 1854; x_wconf 90' lang='lat' dir='ltr'>reditu</span> <span class='ocrx_word' id='word_1_99' title='bbox 912 1791 1112 1855; x_wconf 80' lang='lat' dir='ltr'>llerebordi⁸</span> <span class='ocrx_word' id='word_1_100' title='bbox 1135 1793 1254 1858; x_wconf 88' lang='lat' dir='ltr'>facien-</span> 
     </span>
     <span class='ocr_line' id='line_1_14' title="bbox 126 1876 1252 1962; baseline 0.002 -20"><span class='ocrx_word' id='word_1_101' title='bbox 126 1878 200 1942; x_wconf 90' lang='lat' dir='ltr'>dum</span> <span class='ocrx_word' id='word_1_102' title='bbox 226 1884 319 1955; x_wconf 85' lang='lat' dir='ltr'>esset,</span> <span class='ocrx_word' id='word_1_103' title='bbox 342 1883 465 1942; x_wconf 91' lang='lat' dir='ltr'>mature</span> <span class='ocrx_word' id='word_1_104' title='bbox 487 1883 520 1940; x_wconf 86' lang='lat' dir='ltr'>et</span> <span class='ocrx_word' id='word_1_105' title='bbox 542 1882 579 1941; x_wconf 84' lang='lat' dir='ltr'>ul</span> <span class='ocrx_word' id='word_1_106' title='bbox 594 1877 732 1940; x_wconf 88' lang='lat' dir='ltr'>solemus</span> <span class='ocrx_word' id='word_1_107' title='bbox 754 1876 845 1939; x_wconf 85' lang='lat' dir='ltr'>valde</span> <span class='ocrx_word' id='word_1_108' title='bbox 868 1878 1007 1957; x_wconf 87' lang='lat' dir='ltr'>graviter</span> <span class='ocrx_word' id='word_1_109' title='bbox 1028 1876 1068 1939; x_wconf 86' lang='lat' dir='ltr'>ad</span> <span class='ocrx_word' id='word_1_110' title='bbox 1092 1900 1252 1962; x_wconf 88' lang='lat' dir='ltr'>vesperam</span> 
     </span>
     <span class='ocr_line' id='line_1_15' title="bbox 128 1961 1253 2044; baseline 0.002 -19"><span class='ocrx_word' id='word_1_111' title='bbox 128 1964 355 2026; x_wconf 82' lang='lat' dir='ltr'>consultamus.</span> <span class='ocrx_word' id='word_1_112' title='bbox 401 1962 495 2026; x_wconf 88' lang='lat' dir='ltr'>Mane</span> <span class='ocrx_word' id='word_1_113' title='bbox 517 1962 752 2044; x_wconf 85' lang='lat' dir='ltr'>expeditionem</span> <span class='ocrx_word' id='word_1_114' title='bbox 776 1962 816 2024; x_wconf 89' lang='lat' dir='ltr'>ad</span> <span class='ocrx_word' id='word_1_115' title='bbox 839 1962 1007 2025; x_wconf 89' lang='lat' dir='ltr'>Gerlacum</span> <span class='ocrx_word' id='word_1_116' title='bbox 1029 1961 1172 2042; x_wconf 86' lang='lat' dir='ltr'>fecimus,</span> <span class='ocrx_word' id='word_1_117' title='bbox 1188 1986 1253 2028; x_wconf 91' lang='lat' dir='ltr'>rem</span> 
     </span>
     <span class='ocr_line' id='line_1_16' title="bbox 127 2047 1253 2130; baseline 0.004 -20"><span class='ocrx_word' id='word_1_118' title='bbox 127 2050 286 2129; x_wconf 84' lang='lat' dir='ltr'>sapienter</span> <span class='ocrx_word' id='word_1_119' title='bbox 310 2055 366 2111; x_wconf 86' lang='lat' dir='ltr'>tuo</span> <span class='ocrx_word' id='word_1_120' title='bbox 386 2048 477 2130; x_wconf 87' lang='lat' dir='ltr'>jrrssu</span> <span class='ocrx_word' id='word_1_121' title='bbox 508 2048 695 2129; x_wconf 81' lang='lat' dir='ltr'>peregimus.</span> <span class='ocrx_word' id='word_1_122' title='bbox 741 2047 826 2110; x_wconf 92' lang='lat' dir='ltr'>Bene</span> <span class='ocrx_word' id='word_1_123' title='bbox 857 2047 1012 2128; x_wconf 86' lang='lat' dir='ltr'>disposita</span> <span class='ocrx_word' id='word_1_124' title='bbox 1038 2053 1114 2112; x_wconf 85' lang='lat' dir='ltr'>sunt</span> <span class='ocrx_word' id='word_1_125' title='bbox 1136 2051 1253 2115; x_wconf 85' lang='lat' dir='ltr'>omnia.</span> 
     </span>
     <span class='ocr_line' id='line_1_17' title="bbox 130 2132 1256 2219; baseline 0.003 -23"><span class='ocrx_word' id='word_1_126' title='bbox 130 2133 216 2196; x_wconf 90' lang='lat' dir='ltr'>Nihil</span> <span class='ocrx_word' id='word_1_127' title='bbox 242 2134 417 2214; x_wconf 88' lang='lat' dir='ltr'>optandum</span> <span class='ocrx_word' id='word_1_128' title='bbox 442 2132 535 2197; x_wconf 89' lang='lat' dir='ltr'>nobis</span> <span class='ocrx_word' id='word_1_129' title='bbox 558 2134 682 2196; x_wconf 84' lang='lat' dir='ltr'>ridetur</span> <span class='ocrx_word' id='word_1_130' title='bbox 709 2133 845 2212; x_wconf 88' lang='lat' dir='ltr'>amplius</span> <span class='ocrx_word' id='word_1_131' title='bbox 875 2154 970 2213; x_wconf 90' lang='lat' dir='ltr'>quam</span> <span class='ocrx_word' id='word_1_132' title='bbox 999 2132 1137 2198; x_wconf 85' lang='lat' dir='ltr'>Matiani</span> <span class='ocrx_word' id='word_1_133' title='bbox 1165 2157 1256 2219; x_wconf 87' lang='lat' dir='ltr'>prae·</span> 
     </span>
     <span class='ocr_line' id='line_1_18' title="bbox 129 2217 1256 2295; baseline 0.003 -13"><span class='ocrx_word' id='word_1_134' title='bbox 129 2221 241 2283; x_wconf 87' lang='lat' dir='ltr'>sentia.</span> <span class='ocrx_word' id='word_1_135' title='bbox 288 2218 408 2283; x_wconf 84' lang='lat' dir='ltr'>Felices</span> <span class='ocrx_word' id='word_1_136' title='bbox 429 2241 487 2283; x_wconf 88' lang='lat' dir='ltr'>nos</span> <span class='ocrx_word' id='word_1_137' title='bbox 510 2240 579 2282; x_wconf 86' lang='lat' dir='ltr'>esse</span> <span class='ocrx_word' id='word_1_138' title='bbox 602 2219 796 2295; x_wconf 87' lang='lat' dir='ltr'>duceremus,</span> <span class='ocrx_word' id='word_1_139' title='bbox 820 2217 929 2280; x_wconf 87' lang='lat' dir='ltr'>sibae</span> <span class='ocrx_word' id='word_1_140' title='bbox 958 2239 1015 2281; x_wconf 90' lang='lat' dir='ltr'>nos</span> <span class='ocrx_word' id='word_1_141' title='bbox 1045 2220 1256 2285; x_wconf 70' lang='lat' dir='ltr'>consolatusl</span> 
     </span>
    </p>
   </div>
   <div class='ocr_carea' id='block_1_3' title="bbox 129 2302 1036 2385">
    <p class='ocr_par' dir='ltr' id='par_1_3' title="bbox 129 2302 1036 2385">
     <span class='ocr_line' id='line_1_19' title="bbox 129 2302 1036 2385; baseline -0.001 -18"><span class='ocrx_word' id='word_1_142' title='bbox 129 2303 235 2368; x_wconf 85' lang='lat' dir='ltr'>fueris.</span> <span class='ocrx_word' id='word_1_143' title='bbox 282 2303 367 2368; x_wconf 85' lang='lat' dir='ltr'>Vale.</span> <span class='ocrx_word' id='word_1_144' title='bbox 414 2305 476 2368; x_wconf 87' lang='lat' dir='ltr'>Vll.</span> <span class='ocrx_word' id='word_1_145' title='bbox 502 2304 547 2368; x_wconf 88' lang='lat' dir='ltr'>Cl.</span> <span class='ocrx_word' id='word_1_146' title='bbox 572 2302 732 2385; x_wconf 86' lang='lat' dir='ltr'>Septemb.</span> <span class='ocrx_word' id='word_1_147' title='bbox 757 2303 850 2366; x_wconf 83' lang='lat' dir='ltr'>Anno</span> <span class='ocrx_word' id='word_1_148' title='bbox 872 2302 1036 2366; x_wconf 87' lang='lat' dir='ltr'>DDDVlll.</span> 
     </span>
    </p>
   </div>
   <div class='ocr_carea' id='block_1_4' title="bbox 281 2387 1150 2538">
    <p class='ocr_par' dir='ltr' id='par_1_4' title="bbox 281 2387 1150 2538">
     <span class='ocr_line' id='line_1_20' title="bbox 281 2387 1150 2538; baseline -0.005 -13"><span class='ocrx_word' id='word_1_149' title='bbox 281 2473 343 2526; x_wconf 73' lang='lat' dir='ltr'>ror.</span> <span class='ocrx_word' id='word_1_150' title='bbox 363 2471 442 2525; x_wconf 72' lang='lat' dir='ltr'>surr.</span> <span class='ocrx_word' id='word_1_151' title='bbox 462 2471 491 2525; x_wconf 81' lang='lat' dir='ltr'>o.</span> <span class='ocrx_word' id='word_1_152' title='bbox 510 2471 530 2524; x_wconf 85' lang='lat' dir='ltr'>r.</span> <span class='ocrx_word' id='word_1_153' title='bbox 550 2470 583 2524; x_wconf 80' lang='lat' dir='ltr'>rs</span> <span class='ocrx_word' id='word_1_154' title='bbox 600 2470 628 2525; x_wconf 82' lang='lat' dir='ltr'>r.</span> <span class='ocrx_word' id='word_1_155' title='bbox 647 2471 671 2524; x_wconf 84' lang='lat' dir='ltr'>s.</span> <span class='ocrx_word' id='word_1_156' title='bbox 690 2470 864 2538; x_wconf 56' lang='lat' dir='ltr'>autographa</span> <span class='ocrx_word' id='word_1_157' title='bbox 939 2387 1089 2453; x_wconf 69' lang='lat' dir='ltr'>dohanas</span> <span class='ocrx_word' id='word_1_158' title='bbox 1112 2390 1150 2453; x_wconf 86' lang='lat' dir='ltr'>H.</span> 
     </span>
    </p>
   </div>
   <div class='ocr_carea' id='block_1_5' title="bbox 128 2590 1257 2677">
    <p class='ocr_par' dir='ltr' id='par_1_5' title="bbox 128 2590 1257 2677">
     <span class='ocr_line' id='line_1_21' title="bbox 128 2590 1257 2677; baseline 0.004 -17"><span class='ocrx_word' id='word_1_159' title='bbox 128 2606 245 2677; x_wconf 72' lang='lat' dir='ltr'>(neue.)</span> <span class='ocrx_word' id='word_1_160' title='bbox 654 2590 727 2655; x_wconf 79' lang='lat'>529.</span> <span class='ocrx_word' id='word_1_161' title='bbox 1050 2607 1075 2659; x_wconf 79' lang='lat' dir='ltr'>r.</span> <span class='ocrx_word' id='word_1_162' title='bbox 1092 2606 1164 2660; x_wconf 68' lang='lat' dir='ltr'>aaa</span> <span class='ocrx_word' id='word_1_163' title='bbox 1183 2609 1257 2665; x_wconf 84' lang='lat' dir='ltr'>rsoe.</span> 
     </span>
    </p>
   </div>
   <div class='ocr_carea' id='block_1_6' title="bbox 496 2707 891 2779">
    <p class='ocr_par' dir='ltr' id='par_1_6' title="bbox 496 2707 891 2779">
     <span class='ocr_line' id='line_1_22' title="bbox 496 2707 891 2779; baseline -0.008 0"><span class='ocrx_word' id='word_1_164' title='bbox 496 2709 626 2779; x_wconf 83' lang='lat' dir='ltr'>Eoban</span> <span class='ocrx_word' id='word_1_165' title='bbox 649 2729 700 2779; x_wconf 86' lang='lat' dir='ltr'>an</span> <span class='ocrx_word' id='word_1_166' title='bbox 720 2707 891 2777; x_wconf 73' lang='lat' dir='ltr'>lllutian.⁸</span> 
     </span>
    </p>
   </div>
   <div class='ocr_carea' id='block_1_7' title="bbox 128 2826 1281 2966">
    <p class='ocr_par' dir='ltr' id='par_1_7' title="bbox 128 2826 1281 2966">
     <span class='ocr_line' id='line_1_23' title="bbox 128 2826 1259 2897; baseline 0.001 -17"><span class='ocrx_word' id='word_1_167' title='bbox 128 2828 292 2897; x_wconf 76' lang='lat' dir='ltr'>(Mr&#39;ttcrlurrp</span> <span class='ocrx_word' id='word_1_168' title='bbox 318 2830 381 2882; x_wconf 80' lang='lat' dir='ltr'>r&#39;r&#39;bcr</span> <span class='ocrx_word' id='word_1_169' title='bbox 405 2829 482 2881; x_wconf 80' lang='lat' dir='ltr'>cinca</span> <span class='ocrx_word' id='word_1_170' title='bbox 505 2829 638 2882; x_wconf 64' lang='lat' dir='ltr'>currebat</span> <span class='ocrx_word' id='word_1_171' title='bbox 659 2828 717 2882; x_wconf 82' lang='lat' dir='ltr'>ilrm</span> <span class='ocrx_word' id='word_1_172' title='bbox 740 2828 798 2880; x_wconf 81' lang='lat' dir='ltr'>aad</span> <span class='ocrx_word' id='word_1_173' title='bbox 814 2826 931 2893; x_wconf 66' lang='lat' dir='ltr'>Petra&#39;as</span> <span class='ocrx_word' id='word_1_174' title='bbox 957 2828 1144 2880; x_wconf 75' lang='lat' dir='ltr'>adstoudmea</span> <span class='ocrx_word' id='word_1_175' title='bbox 1171 2827 1259 2893; x_wconf 57' lang='lat' dir='ltr'>&amp;reia</span> 
     </span>
     <span class='ocr_line' id='line_1_24' title="bbox 356 2895 1281 2966; baseline -0.004 -17"><span class='ocrx_word' id='word_1_176' title='bbox 356 2903 435 2950; x_wconf 63' lang='lat' dir='ltr'>ama</span> <span class='ocrx_word' id='word_1_177' title='bbox 451 2898 595 2966; x_wconf 54' lang='lat' dir='ltr'>Balepunp</span> <span class='ocrx_word' id='word_1_178' title='bbox 612 2898 707 2950; x_wconf 69' lang='lat' dir='ltr'>arceier</span> <span class='ocrx_word' id='word_1_179' title='bbox 725 2895 814 2962; x_wconf 69' lang='lat' dir='ltr'>Brrese</span> <span class='ocrx_word' id='word_1_180' title='bbox 830 2895 873 2947; x_wconf 82' lang='lat' dir='ltr'>des</span> <span class='ocrx_word' id='word_1_181' title='bbox 891 2895 1030 2961; x_wconf 59' lang='lat' dir='ltr'>Macram)</span> <span class='ocrx_word' id='word_1_182' title='bbox 1277 2896 1281 2903; x_wconf 89' lang='lat'>&#39;</span> 
     </span>
    </p>
   </div>
   <div class='ocr_carea' id='block_1_8' title="bbox 128 2998 1263 4283">
    <p class='ocr_par' dir='ltr' id='par_1_8' title="bbox 128 2998 1263 4283">
     <span class='ocr_line' id='line_1_25' title="bbox 231 2998 1258 3085; baseline 0 -19"><span class='ocrx_word' id='word_1_183' title='bbox 231 3001 266 3066; x_wconf 87' lang='lat' dir='ltr'>Si</span> <span class='ocrx_word' id='word_1_184' title='bbox 290 3003 386 3078; x_wconf 80' lang='lat' dir='ltr'>voles,</span> <span class='ocrx_word' id='word_1_185' title='bbox 410 3002 490 3067; x_wconf 91' lang='lat' dir='ltr'>bene</span> <span class='ocrx_word' id='word_1_186' title='bbox 513 3007 580 3080; x_wconf 82' lang='lat' dir='ltr'>est3</span> <span class='ocrx_word' id='word_1_187' title='bbox 603 3024 661 3085; x_wconf 85' lang='lat' dir='ltr'>ego</span> <span class='ocrx_word' id='word_1_188' title='bbox 678 3003 803 3084; x_wconf 91' lang='lat' dir='ltr'>quidem</span> <span class='ocrx_word' id='word_1_189' title='bbox 821 3001 920 3064; x_wconf 85' lang='lat' dir='ltr'>valeo.</span> <span class='ocrx_word' id='word_1_190' title='bbox 959 2998 1028 3064; x_wconf 87' lang='lat' dir='ltr'>Nisi</span> <span class='ocrx_word' id='word_1_191' title='bbox 1045 3005 1130 3065; x_wconf 87' lang='lat' dir='ltr'>certo</span> <span class='ocrx_word' id='word_1_192' title='bbox 1147 3003 1258 3066; x_wconf 90' lang='lat' dir='ltr'>scirem</span> 
     </span>
     <span class='ocr_line' id='line_1_26' title="bbox 128 3085 1258 3167; baseline 0 -15"><span class='ocrx_word' id='word_1_193' title='bbox 128 3109 178 3152; x_wconf 91' lang='lat' dir='ltr'>me</span> <span class='ocrx_word' id='word_1_194' title='bbox 212 3112 232 3151; x_wconf 92' lang='lat' dir='ltr'>a</span> <span class='ocrx_word' id='word_1_195' title='bbox 265 3093 298 3151; x_wconf 92' lang='lat' dir='ltr'>te</span> <span class='ocrx_word' id='word_1_196' title='bbox 331 3088 532 3152; x_wconf 88' lang='lat' dir='ltr'>vehementer</span> <span class='ocrx_word' id='word_1_197' title='bbox 569 3089 678 3167; x_wconf 83' lang='lat' dir='ltr'>amari,</span> <span class='ocrx_word' id='word_1_198' title='bbox 712 3087 856 3151; x_wconf 82' lang='lat' dir='ltr'>Matiane</span> <span class='ocrx_word' id='word_1_199' title='bbox 891 3085 981 3163; x_wconf 86' lang='lat' dir='ltr'>Rufe,</span> <span class='ocrx_word' id='word_1_200' title='bbox 1014 3107 1193 3151; x_wconf 84' lang='lat' dir='ltr'>accusarem</span> <span class='ocrx_word' id='word_1_201' title='bbox 1226 3094 1258 3152; x_wconf 86' lang='lat' dir='ltr'>te</span> 
     </span>
     <span class='ocr_line' id='line_1_27' title="bbox 128 3170 1259 3253; baseline 0.001 -17"><span class='ocrx_word' id='word_1_202' title='bbox 128 3173 345 3253; x_wconf 82' lang='lat' dir='ltr'>negligentiae</span> <span class='ocrx_word' id='word_1_203' title='bbox 368 3175 398 3236; x_wconf 89' lang='lat' dir='ltr'>in</span> <span class='ocrx_word' id='word_1_204' title='bbox 424 3174 599 3238; x_wconf 90' lang='lat' dir='ltr'>scribendis</span> <span class='ocrx_word' id='word_1_205' title='bbox 622 3174 662 3236; x_wconf 88' lang='lat' dir='ltr'>ad</span> <span class='ocrx_word' id='word_1_206' title='bbox 686 3195 736 3236; x_wconf 93' lang='lat' dir='ltr'>me</span> <span class='ocrx_word' id='word_1_207' title='bbox 758 3174 867 3236; x_wconf 89' lang='lat' dir='ltr'>literis.</span> <span class='ocrx_word' id='word_1_208' title='bbox 915 3170 1006 3235; x_wconf 84' lang='lat' dir='ltr'>Facit</span> <span class='ocrx_word' id='word_1_209' title='bbox 1028 3173 1110 3236; x_wconf 91' lang='lat' dir='ltr'>enim</span> <span class='ocrx_word' id='word_1_210' title='bbox 1143 3174 1259 3237; x_wconf 81' lang='lat' dir='ltr'>famili-</span> 
     </span>
     <span class='ocr_line' id='line_1_28' title="bbox 130 3258 1259 3339; baseline 0.002 -19"><span class='ocrx_word' id='word_1_211' title='bbox 130 3260 193 3322; x_wconf 85' lang='lat' dir='ltr'>aris</span> <span class='ocrx_word' id='word_1_212' title='bbox 218 3258 272 3322; x_wconf 89' lang='lat' dir='ltr'>illa</span> <span class='ocrx_word' id='word_1_213' title='bbox 295 3260 378 3322; x_wconf 82' lang='lat' dir='ltr'>inter</span> <span class='ocrx_word' id='word_1_214' title='bbox 402 3281 460 3322; x_wconf 91' lang='lat' dir='ltr'>nos</span> <span class='ocrx_word' id='word_1_215' title='bbox 491 3259 702 3338; x_wconf 87' lang='lat' dir='ltr'>necessitudo,</span> <span class='ocrx_word' id='word_1_216' title='bbox 733 3263 769 3322; x_wconf 84' lang='lat' dir='ltr'>ut</span> <span class='ocrx_word' id='word_1_217' title='bbox 798 3263 924 3322; x_wconf 83' lang='lat' dir='ltr'>tuarum</span> <span class='ocrx_word' id='word_1_218' title='bbox 959 3258 1164 3339; x_wconf 86' lang='lat' dir='ltr'>epistolarum</span> <span class='ocrx_word' id='word_1_219' title='bbox 1199 3259 1259 3322; x_wconf 86' lang='lat' dir='ltr'>fre-</span> 
     </span>
     <span class='ocr_line' id='line_1_29' title="bbox 130 3342 1258 3428; baseline 0.004 -24"><span class='ocrx_word' id='word_1_220' title='bbox 130 3350 280 3424; x_wconf 85' lang='lat' dir='ltr'>quentem</span> <span class='ocrx_word' id='word_1_221' title='bbox 316 3343 484 3408; x_wconf 87' lang='lat' dir='ltr'>lectionem</span> <span class='ocrx_word' id='word_1_222' title='bbox 514 3345 591 3408; x_wconf 92' lang='lat' dir='ltr'>mihi</span> <span class='ocrx_word' id='word_1_223' title='bbox 620 3366 715 3428; x_wconf 89' lang='lat' dir='ltr'>prope</span> <span class='ocrx_word' id='word_1_224' title='bbox 741 3364 812 3408; x_wconf 90' lang='lat' dir='ltr'>meo</span> <span class='ocrx_word' id='word_1_225' title='bbox 836 3344 907 3426; x_wconf 91' lang='lat' dir='ltr'>jure</span> <span class='ocrx_word' id='word_1_226' title='bbox 934 3342 1100 3406; x_wconf 89' lang='lat' dir='ltr'>vindicem.</span> <span class='ocrx_word' id='word_1_227' title='bbox 1146 3343 1258 3408; x_wconf 89' lang='lat' dir='ltr'>Verum</span> 
     </span>
     <span class='ocr_line' id='line_1_30' title="bbox 132 3429 1258 3510; baseline 0.002 -19"><span class='ocrx_word' id='word_1_228' title='bbox 132 3450 201 3491; x_wconf 91' lang='lat' dir='ltr'>cum</span> <span class='ocrx_word' id='word_1_229' title='bbox 227 3430 273 3492; x_wconf 86' lang='lat' dir='ltr'>ita</span> <span class='ocrx_word' id='word_1_230' title='bbox 295 3431 389 3492; x_wconf 88' lang='lat' dir='ltr'>amici</span> <span class='ocrx_word' id='word_1_231' title='bbox 413 3431 522 3508; x_wconf 87' lang='lat' dir='ltr'>simus,</span> <span class='ocrx_word' id='word_1_232' title='bbox 545 3437 582 3495; x_wconf 83' lang='lat' dir='ltr'>ut</span> <span class='ocrx_word' id='word_1_233' title='bbox 604 3453 644 3495; x_wconf 92' lang='lat' dir='ltr'>ne</span> <span class='ocrx_word' id='word_1_234' title='bbox 666 3431 747 3495; x_wconf 84' lang='lat' dir='ltr'>alter</span> <span class='ocrx_word' id='word_1_235' title='bbox 777 3430 903 3510; x_wconf 89' lang='lat' dir='ltr'>quidem</span> <span class='ocrx_word' id='word_1_236' title='bbox 938 3429 1068 3492; x_wconf 89' lang='lat' dir='ltr'>alterius</span> <span class='ocrx_word' id='word_1_237' title='bbox 1098 3430 1129 3491; x_wconf 87' lang='lat' dir='ltr'>iu</span> <span class='ocrx_word' id='word_1_238' title='bbox 1158 3430 1258 3493; x_wconf 88' lang='lat' dir='ltr'>literis</span> 
     </span>
     <span class='ocr_line' id='line_1_31' title="bbox 132 3514 1259 3599; baseline 0.004 -24"><span class='ocrx_word' id='word_1_239' title='bbox 132 3514 270 3578; x_wconf 83' lang='lat' dir='ltr'>officium</span> <span class='ocrx_word' id='word_1_240' title='bbox 296 3516 501 3596; x_wconf 88' lang='lat' dir='ltr'>pertinaciter</span> <span class='ocrx_word' id='word_1_241' title='bbox 523 3516 725 3599; x_wconf 84' lang='lat' dir='ltr'>expostulare</span> <span class='ocrx_word' id='word_1_242' title='bbox 748 3517 872 3592; x_wconf 86' lang='lat' dir='ltr'>debeat,</span> <span class='ocrx_word' id='word_1_243' title='bbox 898 3537 959 3578; x_wconf 91' lang='lat' dir='ltr'>non</span> <span class='ocrx_word' id='word_1_244' title='bbox 990 3514 1122 3577; x_wconf 91' lang='lat' dir='ltr'>multum</span> <span class='ocrx_word' id='word_1_245' title='bbox 1155 3515 1259 3592; x_wconf 83' lang='lat' dir='ltr'>relert,</span> 
     </span>
     <span class='ocr_line' id='line_1_32' title="bbox 131 3599 1259 3682; baseline 0.005 -24"><span class='ocrx_word' id='word_1_246' title='bbox 131 3601 158 3661; x_wconf 82' lang='lat' dir='ltr'>si</span> <span class='ocrx_word' id='word_1_247' title='bbox 182 3601 313 3664; x_wconf 87' lang='lat' dir='ltr'>rariores</span> <span class='ocrx_word' id='word_1_248' title='bbox 336 3625 356 3663; x_wconf 87' lang='lat' dir='ltr'>a</span> <span class='ocrx_word' id='word_1_249' title='bbox 379 3608 410 3665; x_wconf 88' lang='lat' dir='ltr'>te.</span> <span class='ocrx_word' id='word_1_250' title='bbox 433 3622 527 3682; x_wconf 85' lang='lat' dir='ltr'>quam</span> <span class='ocrx_word' id='word_1_251' title='bbox 552 3604 623 3666; x_wconf 85' lang='lat' dir='ltr'>aliis</span> <span class='ocrx_word' id='word_1_252' title='bbox 647 3602 755 3666; x_wconf 83' lang='lat' dir='ltr'>literas</span> <span class='ocrx_word' id='word_1_253' title='bbox 777 3601 907 3682; x_wconf 90' lang='lat' dir='ltr'>accipio.</span> <span class='ocrx_word' id='word_1_254' title='bbox 954 3599 1126 3682; x_wconf 86' lang='lat' dir='ltr'>Pepercisti</span> <span class='ocrx_word' id='word_1_255' title='bbox 1155 3601 1259 3664; x_wconf 88' lang='lat' dir='ltr'>adhuc</span> 
     </span>
     <span class='ocr_line' id='line_1_33' title="bbox 132 3684 1259 3768; baseline 0.004 -22"><span class='ocrx_word' id='word_1_256' title='bbox 132 3684 322 3749; x_wconf 87' lang='lat' dir='ltr'>lectionibus</span> <span class='ocrx_word' id='word_1_257' title='bbox 354 3688 471 3750; x_wconf 85' lang='lat' dir='ltr'>nostris</span> <span class='ocrx_word' id='word_1_258' title='bbox 504 3689 589 3768; x_wconf 89' lang='lat' dir='ltr'>apud</span> <span class='ocrx_word' id='word_1_259' title='bbox 624 3687 817 3763; x_wconf 83' lang='lat' dir='ltr'>dialecticos,</span> <span class='ocrx_word' id='word_1_260' title='bbox 848 3709 867 3749; x_wconf 90' lang='lat' dir='ltr'>a</span> <span class='ocrx_word' id='word_1_261' title='bbox 893 3686 1011 3767; x_wconf 89' lang='lat' dir='ltr'>quibus</span> <span class='ocrx_word' id='word_1_262' title='bbox 1044 3706 1139 3767; x_wconf 88' lang='lat' dir='ltr'>quom</span> <span class='ocrx_word' id='word_1_263' title='bbox 1174 3709 1259 3751; x_wconf 89' lang='lat' dir='ltr'>nunc</span> 
     </span>
     <span class='ocr_line' id='line_1_34' title="bbox 132 3770 1260 3852; baseline 0.004 -20"><span class='ocrx_word' id='word_1_264' title='bbox 132 3770 222 3833; x_wconf 91' lang='lat' dir='ltr'>liberi</span> <span class='ocrx_word' id='word_1_265' title='bbox 245 3771 368 3848; x_wconf 53' lang='lat' dir='ltr'>simus?</span> <span class='ocrx_word' id='word_1_266' title='bbox 392 3772 511 3835; x_wconf 89' lang='lat' dir='ltr'>scribes</span> <span class='ocrx_word' id='word_1_267' title='bbox 534 3775 657 3837; x_wconf 85' lang='lat' dir='ltr'>iterum.</span> <span class='ocrx_word' id='word_1_268' title='bbox 704 3772 772 3835; x_wconf 88' lang='lat' dir='ltr'>Diis</span> <span class='ocrx_word' id='word_1_269' title='bbox 795 3773 909 3852; x_wconf 88' lang='lat' dir='ltr'>gratia,</span> <span class='ocrx_word' id='word_1_270' title='bbox 933 3773 1144 3852; x_wconf 86' lang='lat' dir='ltr'>percurrimus</span> <span class='ocrx_word' id='word_1_271' title='bbox 1170 3772 1260 3836; x_wconf 88' lang='lat' dir='ltr'>labo-</span> 
     </span>
     <span class='ocr_line' id='line_1_35' title="bbox 132 3856 1262 3941; baseline 0.002 -23"><span class='ocrx_word' id='word_1_272' title='bbox 132 3857 248 3919; x_wconf 87' lang='lat' dir='ltr'>riosum</span> <span class='ocrx_word' id='word_1_273' title='bbox 274 3856 519 3938; x_wconf 77' lang='lat' dir='ltr'>Labyrinthum⁵</span> <span class='ocrx_word' id='word_1_274' title='bbox 543 3863 640 3941; x_wconf 85' lang='lat' dir='ltr'>atque</span> <span class='ocrx_word' id='word_1_275' title='bbox 663 3860 708 3922; x_wconf 89' lang='lat' dir='ltr'>ita</span> <span class='ocrx_word' id='word_1_276' title='bbox 731 3858 838 3920; x_wconf 87' lang='lat' dir='ltr'>aditus</span> <span class='ocrx_word' id='word_1_277' title='bbox 868 3857 1033 3919; x_wconf 84' lang='lat' dir='ltr'>interiores</span> <span class='ocrx_word' id='word_1_278' title='bbox 1062 3857 1165 3919; x_wconf 87' lang='lat' dir='ltr'>omnis</span> <span class='ocrx_word' id='word_1_279' title='bbox 1194 3878 1262 3938; x_wconf 90' lang='lat' dir='ltr'>per·</span> 
     </span>
     <span class='ocr_line' id='line_1_36' title="bbox 131 3941 1260 4026; baseline 0.002 -22"><span class='ocrx_word' id='word_1_280' title='bbox 131 3941 347 4018; x_wconf 74' lang='lat' dir='ltr'>lustravimus</span> <span class='ocrx_word' id='word_1_281' title='bbox 365 3948 401 4005; x_wconf 28' lang='lat' dir='ltr'>ut.</span> <span class='ocrx_word' id='word_1_282' title='bbox 416 3945 464 4006; x_wconf 86' lang='lat' dir='ltr'>vel</span> <span class='ocrx_word' id='word_1_283' title='bbox 483 3945 656 4026; x_wconf 90' lang='lat' dir='ltr'>principem</span> <span class='ocrx_word' id='word_1_284' title='bbox 680 3943 729 4006; x_wconf 90' lang='lat' dir='ltr'>vel</span> <span class='ocrx_word' id='word_1_285' title='bbox 753 3942 886 4025; x_wconf 90' lang='lat' dir='ltr'>principi</span> <span class='ocrx_word' id='word_1_286' title='bbox 906 3943 1085 4025; x_wconf 88' lang='lat' dir='ltr'>proximum</span> <span class='ocrx_word' id='word_1_287' title='bbox 1110 3941 1260 4007; x_wconf 91' lang='lat' dir='ltr'>honorem</span> 
     </span>
     <span class='ocr_line' id='line_1_37' title="bbox 132 4026 1259 4112; baseline 0.002 -23"><span class='ocrx_word' id='word_1_288' title='bbox 132 4027 328 4090; x_wconf 79' lang='lat' dir='ltr'>confidenter</span> <span class='ocrx_word' id='word_1_289' title='bbox 352 4049 522 4108; x_wconf 89' lang='lat' dir='ltr'>speremus.</span> <span class='ocrx_word' id='word_1_290' title='bbox 569 4029 726 4106; x_wconf 82' lang='lat' dir='ltr'>Quorsum</span> <span class='ocrx_word' id='word_1_291' title='bbox 750 4049 824 4092; x_wconf 78' lang='lat' dir='ltr'>vero</span> <span class='ocrx_word' id='word_1_292' title='bbox 849 4026 947 4090; x_wconf 76' lang='lat' dir='ltr'>haec?</span> <span class='ocrx_word' id='word_1_293' title='bbox 994 4027 1088 4091; x_wconf 85' lang='lat' dir='ltr'>Aliud</span> <span class='ocrx_word' id='word_1_294' title='bbox 1111 4029 1259 4112; x_wconf 86' lang='lat' dir='ltr'>scripturi</span> 
     </span>
     <span class='ocr_line' id='line_1_38' title="bbox 131 4112 1260 4195; baseline 0.001 -20"><span class='ocrx_word' id='word_1_295' title='bbox 131 4112 239 4176; x_wconf 87' lang='lat' dir='ltr'>stilum</span> <span class='ocrx_word' id='word_1_296' title='bbox 287 4135 386 4195; x_wconf 88' lang='lat' dir='ltr'>nuper</span> <span class='ocrx_word' id='word_1_297' title='bbox 431 4114 645 4178; x_wconf 90' lang='lat' dir='ltr'>intermissum</span> <span class='ocrx_word' id='word_1_298' title='bbox 691 4114 926 4194; x_wconf 85' lang='lat' dir='ltr'>resumpsimus.</span> <span class='ocrx_word' id='word_1_299' title='bbox 988 4112 1079 4189; x_wconf 82' lang='lat' dir='ltr'>Quod</span> <span class='ocrx_word' id='word_1_300' title='bbox 1115 4119 1152 4178; x_wconf 83' lang='lat' dir='ltr'>lu</span> <span class='ocrx_word' id='word_1_301' title='bbox 1197 4135 1260 4178; x_wconf 89' lang='lat' dir='ltr'>non</span> 
     </span>
     <span class='ocr_line' id='line_1_39' title="bbox 133 4197 1263 4283; baseline 0.003 -23"><span class='ocrx_word' id='word_1_302' title='bbox 133 4200 269 4278; x_wconf 86' lang='lat' dir='ltr'>ignoras,</span> <span class='ocrx_word' id='word_1_303' title='bbox 283 4197 426 4262; x_wconf 82' lang='lat' dir='ltr'>Matiane</span> <span class='ocrx_word' id='word_1_304' title='bbox 443 4200 707 4276; x_wconf 82' lang='lat' dir='ltr'>humanissime,⁰</span> <span class='ocrx_word' id='word_1_305' title='bbox 731 4198 931 4278; x_wconf 82' lang='lat' dir='ltr'>undeviginti</span> <span class='ocrx_word' id='word_1_306' title='bbox 947 4198 1126 4262; x_wconf 86' lang='lat' dir='ltr'>candidatis</span> <span class='ocrx_word' id='word_1_307' title='bbox 1142 4222 1263 4283; x_wconf 85' lang='lat' dir='ltr'>nupera</span> 
     </span>
    </p>
   </div>
   <div class='ocr_carea' id='block_1_9' title="bbox 133 4332 1265 4743">
    <p class='ocr_par' dir='ltr' id='par_1_9' title="bbox 199 4332 918 4387">
     <span class='ocr_line' id='line_1_40' title="bbox 199 4332 918 4387; baseline 0 -2"><span class='ocrx_word' id='word_1_308' title='bbox 199 4347 213 4374; x_wconf 80' lang='lat'>⁸</span> <span class='ocrx_word' id='word_1_309' title='bbox 227 4333 324 4386; x_wconf 84' lang='lat' dir='ltr'>Hemb.</span> <span class='ocrx_word' id='word_1_310' title='bbox 395 4333 589 4387; x_wconf 80' lang='lat' dir='ltr'>buonsollatrm.</span> <span class='ocrx_word' id='word_1_311' title='bbox 660 4333 751 4386; x_wconf 77' lang='lat' dir='ltr'>cnut.</span> <span class='ocrx_word' id='word_1_312' title='bbox 771 4332 918 4385; x_wconf 73' lang='lat' dir='ltr'>humanius.</span> 
     </span>
    </p>

    <p class='ocr_par' dir='ltr' id='par_1_10' title="bbox 133 4400 1265 4743">
     <span class='ocr_line' id='line_1_41' title="bbox 204 4400 1264 4456; baseline 0 -2"><span class='ocrx_word' id='word_1_313' title='bbox 204 4404 210 4432; x_wconf 89' lang='lat'><strong>¹</strong></span> <span class='ocrx_word' id='word_1_314' title='bbox 228 4401 341 4455; x_wconf 79' lang='lat' dir='ltr'>Schfiler</span> <span class='ocrx_word' id='word_1_315' title='bbox 358 4402 405 4454; x_wconf 87' lang='lat' dir='ltr'>des</span> <span class='ocrx_word' id='word_1_316' title='bbox 423 4402 516 4454; x_wconf 85' lang='lat' dir='ltr'>Crotus</span> <span class='ocrx_word' id='word_1_317' title='bbox 544 4401 577 4455; x_wconf 81' lang='lat' dir='ltr'>,s</span> <span class='ocrx_word' id='word_1_318' title='bbox 598 4403 647 4454; x_wconf 88' lang='grc'>113</span> <span class='ocrx_word' id='word_1_319' title='bbox 665 4406 696 4456; x_wconf 91' lang='lat' dir='ltr'>A.</span> <span class='ocrx_word' id='word_1_320' title='bbox 716 4400 739 4453; x_wconf 80' lang='lat'>2.</span> <span class='ocrx_word' id='word_1_321' title='bbox 795 4402 805 4433; x_wconf 86' lang='lat'><strong>¹</strong></span> <span class='ocrx_word' id='word_1_322' title='bbox 822 4400 871 4453; x_wconf 92' lang='lat' dir='ltr'>lch</span> <span class='ocrx_word' id='word_1_323' title='bbox 883 4400 1017 4453; x_wconf 77' lang='lat' dir='ltr'>verdaulre</span> <span class='ocrx_word' id='word_1_324' title='bbox 1034 4400 1077 4453; x_wconf 88' lang='lat' dir='ltr'>die</span> <span class='ocrx_word' id='word_1_325' title='bbox 1095 4401 1264 4454; x_wconf 80' lang='lat' dir='ltr'>Absclrn&#39;lten</span> 
     </span>
     <span class='ocr_line' id='line_1_42' title="bbox 133 4467 1265 4538; baseline 0.004 -19"><span class='ocrx_word' id='word_1_326' title='bbox 133 4467 220 4521; x_wconf 88' lang='lat' dir='ltr'>dieses</span> <span class='ocrx_word' id='word_1_327' title='bbox 239 4471 292 4523; x_wconf 90' lang='lat' dir='ltr'>und</span> <span class='ocrx_word' id='word_1_328' title='bbox 310 4471 357 4522; x_wconf 91' lang='lat' dir='ltr'>der</span> <span class='ocrx_word' id='word_1_329' title='bbox 377 4469 472 4522; x_wconf 89' lang='lat' dir='ltr'>beiden</span> <span class='ocrx_word' id='word_1_330' title='bbox 490 4470 548 4538; x_wconf 83' lang='lat' dir='ltr'>tolg.</span> <span class='ocrx_word' id='word_1_331' title='bbox 567 4470 655 4523; x_wconf 86' lang='lat' dir='ltr'>Briete</span> <span class='ocrx_word' id='word_1_332' title='bbox 672 4470 719 4522; x_wconf 90' lang='lat' dir='ltr'>der</span> <span class='ocrx_word' id='word_1_333' title='bbox 736 4467 1011 4522; x_wconf 85' lang='lat' dir='ltr'>Freundliehlreitdes</span> <span class='ocrx_word' id='word_1_334' title='bbox 1024 4468 1265 4523; x_wconf 66' lang='lat' dir='ltr'>altiburitanus</span> 
     </span>
     <span class='ocr_line' id='line_1_43' title="bbox 133 4535 1265 4605; baseline 0.002 -18"><span class='ocrx_word' id='word_1_335' title='bbox 133 4535 178 4590; x_wconf 86' lang='lat' dir='ltr'>Dr.</span> <span class='ocrx_word' id='word_1_336' title='bbox 190 4535 287 4592; x_wconf 83' lang='lat' dir='ltr'>Sieber.</span> <span class='ocrx_word' id='word_1_337' title='bbox 342 4538 446 4591; x_wconf 78' lang='lat' dir='ltr'>³0hne</span> <span class='ocrx_word' id='word_1_338' title='bbox 467 4543 572 4591; x_wconf 66' lang='lat' dir='ltr'>{iussere</span> <span class='ocrx_word' id='word_1_339' title='bbox 591 4540 713 4605; x_wconf 75' lang='lat' dir='ltr'>Adresse,</span> <span class='ocrx_word' id='word_1_340' title='bbox 731 4538 765 4590; x_wconf 88' lang='lat' dir='ltr'>da</span> <span class='ocrx_word' id='word_1_341' title='bbox 783 4538 830 4590; x_wconf 89' lang='lat' dir='ltr'>der</span> <span class='ocrx_word' id='word_1_342' title='bbox 849 4535 994 4605; x_wconf 73' lang='lat' dir='ltr'>Umscblag</span> <span class='ocrx_word' id='word_1_343' title='bbox 1010 4537 1083 4592; x_wconf 80' lang='lat' dir='ltr'>fehlt.</span> <span class='ocrx_word' id='word_1_344' title='bbox 1110 4536 1163 4591; x_wconf 84' lang='lat' dir='ltr'>Zur</span> <span class='ocrx_word' id='word_1_345' title='bbox 1179 4536 1265 4591; x_wconf 78' lang='lat' dir='ltr'>Suelio</span> 
     </span>
     <span class='ocr_line' id='line_1_44' title="bbox 134 4603 1265 4675; baseline 0.004 -21"><span class='ocrx_word' id='word_1_346' title='bbox 134 4603 186 4671; x_wconf 76' lang='lat' dir='ltr'>rgl.</span> <span class='ocrx_word' id='word_1_347' title='bbox 205 4605 231 4660; x_wconf 84' lang='lat' dir='ltr'>S.</span> <span class='ocrx_word' id='word_1_348' title='bbox 252 4606 301 4659; x_wconf 83' lang='grc'>132</span> <span class='ocrx_word' id='word_1_349' title='bbox 319 4610 351 4660; x_wconf 79' lang='lat' dir='ltr'>A.</span> <span class='ocrx_word' id='word_1_350' title='bbox 370 4608 393 4661; x_wconf 79' lang='lat'>7.</span> <span class='ocrx_word' id='word_1_351' title='bbox 459 4609 470 4640; x_wconf 85' lang='lat'><strong>⁴</strong></span> <span class='ocrx_word' id='word_1_352' title='bbox 487 4606 597 4660; x_wconf 83' lang='lat' dir='ltr'>Bezieht</span> <span class='ocrx_word' id='word_1_353' title='bbox 613 4607 672 4660; x_wconf 84' lang='lat' dir='ltr'>sich</span> <span class='ocrx_word' id='word_1_354' title='bbox 690 4606 737 4660; x_wconf 82' lang='lat' dir='ltr'>aur</span> <span class='ocrx_word' id='word_1_355' title='bbox 752 4605 796 4659; x_wconf 88' lang='lat' dir='ltr'>die</span> <span class='ocrx_word' id='word_1_356' title='bbox 813 4606 877 4658; x_wconf 83' lang='lat' dir='ltr'>kurz</span> <span class='ocrx_word' id='word_1_357' title='bbox 895 4620 977 4658; x_wconf 71' lang='lat' dir='ltr'>curor</span> <span class='ocrx_word' id='word_1_358' title='bbox 994 4608 1110 4675; x_wconf 79' lang='lat' dir='ltr'>ortangte</span> <span class='ocrx_word' id='word_1_359' title='bbox 1127 4604 1265 4675; x_wconf 75' lang='lat' dir='ltr'>Magister·</span> 
     </span>
     <span class='ocr_line' id='line_1_45' title="bbox 134 4673 931 4743; baseline 0.005 -21"><span class='ocrx_word' id='word_1_360' title='bbox 134 4673 231 4725; x_wconf 81' lang='lat' dir='ltr'>wiirde.</span> <span class='ocrx_word' id='word_1_361' title='bbox 268 4674 401 4743; x_wconf 74' lang='lat' dir='ltr'>Krause.</span> <span class='ocrx_word' id='word_1_362' title='bbox 420 4675 448 4730; x_wconf 82' lang='lat' dir='ltr'>E.</span> <span class='ocrx_word' id='word_1_363' title='bbox 469 4675 545 4729; x_wconf 77' lang='lat' dir='ltr'>Heus.</span> <span class='ocrx_word' id='word_1_364' title='bbox 564 4675 585 4735; x_wconf 83' lang='lat'>1.</span> <span class='ocrx_word' id='word_1_365' title='bbox 604 4676 645 4730; x_wconf 77' lang='grc'>77.</span> <span class='ocrx_word' id='word_1_366' title='bbox 717 4678 727 4709; x_wconf 81' lang='lat'>⁵</span> <span class='ocrx_word' id='word_1_367' title='bbox 744 4673 770 4728; x_wconf 87' lang='lat' dir='ltr'>S.</span> <span class='ocrx_word' id='word_1_368' title='bbox 789 4674 840 4732; x_wconf 77' lang='lat'>³55</span> <span class='ocrx_word' id='word_1_369' title='bbox 858 4678 889 4729; x_wconf 78' lang='lat' dir='ltr'>A.</span> <span class='ocrx_word' id='word_1_370' title='bbox 907 4673 931 4727; x_wconf 80' lang='grc'>7.</span> 
     </span>
    </p>
   </div>
   <div class='ocr_carea' id='block_1_10' title="bbox 0 0 1401 4966">
    <p class='ocr_par' dir='ltr' id='par_1_11' title="bbox 0 0 1401 4966">
     <span class='ocr_line' id='line_1_46' title="bbox 0 0 1401 4966; baseline 0 0"><span class='ocrx_word' id='word_1_371' title='bbox 0 0 1401 4966; x_wconf 95' lang='lat' dir='ltr'> </span> 
     </span>
    </p>
   </div>
  </div>
 </body>
</html>
