2774 4966
283 636 390 691 Mation
408 650 443 688 an
461 632 562 689 Urhan.
599 634 706 688 Mutiau
724 650 759 688 an
779 632 936 689 Ilrahischct
950 632 1088 687 hlhrecht.
1186 631 1250 699 559

126 831 230 875 coram
255 807 325 872 dixi
347 807 541 872 mittendum
558 829 628 872 esse
641 807 775 872 Romam
792 804 1030 889 Nepotianum.¹
1076 804 1126 870 lta
1140 807 1255 887 sentio,

124 897 169 960 ita
186 893 318 958 consulo
341 898 374 956 et
396 892 562 957 admoneo.
607 893 687 957 Nam
712 893 775 956 ista
794 892 923 972 ingenia
939 891 1018 955 bene
1033 896 1110 954 sunt
1124 891 1254 971 Romae,

124 984 190 1045 sive
206 979 378 1044 mulctriba
394 978 490 1043 luerit
505 979 571 1042 sive
592 980 716 1061 copista
729 990 743 1018 ¹
765 979 832 1042 sive
855 977 942 1041 aliud
965 977 1082 1040 animal
1106 998 1145 1040 ex
1169 1000 1254 1043 more

125 1065 384 1131 Romanensium.
430 1065 509 1128 Post
530 1063 650 1128 dulium
681 1086 820 1127 mensem
852 1062 1043 1126 observandi
1073 1066 1149 1126 sunt
1178 1065 1254 1127 ituri

124 1151 257 1216 Romam
275 1150 324 1213 vel
340 1148 463 1230 pedites
480 1149 527 1211 vel
545 1151 678 1230 equites,
695 1149 812 1232 quihus
829 1171 862 1212 se
878 1148 1034 1230 adjungat
1045 1148 1253 1229 Nepotianus.

126 1237 251 1300 Interea
274 1256 347 1299 vero
371 1235 497 1316 saepius
521 1233 583 1298 huc
606 1240 722 1310 currat,
746 1235 914 1298 auditurus
937 1255 1001 1296 non
1023 1232 1154 1296 inutiles
1185 1257 1254 1317 per·

125 1321 356 1394 sessiunculas,
390 1340 444 1400 per
477 1341 557 1401 quas
590 1320 804 1384 valetudinem
838 1319 1013 1383 retentabit
1035 1323 1067 1381 et
1089 1322 1158 1382 tute
1188 1343 1255 1384 am-

124 1407 251 1471 bulabit
272 1411 305 1469 et
328 1403 449 1468 utiliter
472 1410 546 1486 aget
569 1409 601 1467 et
623 1426 733 1468 secure
763 1405 907 1487 proficiet
936 1404 1063 1467 favente
1094 1403 1161 1468 deo.
1207 1405 1254 1470 Tu

124 1515 189 1557 una
222 1512 294 1555 cum
327 1488 561 1571 Engelmanno²
600 1490 823 1554 exstimulabis
860 1493 1050 1553 cessaturam
1084 1491 1254 1556 aurariam.

124 1577 192 1658 Ego
223 1580 309 1639 certo
339 1576 404 1638 scio
438 1579 578 1638 vestrum
612 1576 676 1638 imo
711 1580 854 1639 nostrum
890 1596 959 1639 esse
991 1573 1254 1655 Engelmannum.

126 1663 206 1739 Quid
220 1663 290 1744 agit
302 1661 464 1740 magister,
480 1660 580 1741 ipsius
597 1658 741 1723 effinse·
776 1660 856 1737 Quid
876 1658 1116 1724 Herebordus‘l‘
1148 1660 1255 1741 Tacet,

125 1748 208 1825 silet,
225 1750 313 1810 totus
329 1751 378 1809 est
393 1751 512 1822 mutus,
541 1767 608 1826 „me
631 1752 736 1809 tamen
761 1747 826 1809 urit
848 1744 982 1819 amor“,⁶
1005 1767 1042 1808 ea
1064 1766 1133 1809 sum
1157 1748 1257 1812 stabi-

124 1834 225 1896 litate.
272 1830 357 1904 Vale,
382 1831 544 1893 carissime
566 1829 703 1894 Urbane.
749 1830 798 1893 Vl.
824 1829 889 1894 Cal.
913 1830 976 1894 Jul.
999 1829 1126 1893 MDXV.

278 1930 341 1983 Cod.
360 1928 426 1983 Frcf.
444 1928 506 1981 489.

126 2118 242 2187 (Gotho.)
653 2102 725 2165 495.
953 2117 1011 2184 (vor
1028 2117 1070 2170 30.
1087 2117 1152 2170 Juni
1171 2120 1256 2189 1515.)

346 2225 491 2296 Mutian
512 2245 562 2295 un
584 2225 808 2296 Erzbischof
827 2225 1040 2296 Albrecht.⁰

127 2354 250 2419 (oedem
270 2370 308 2407 aar
327 2352 491 2421 Erabrhclros
504 2352 624 2406 Alhrecht
641 2369 691 2406 uun
709 2351 805 2407 Maiae
815 2351 863 2420 fiir
874 2351 1033 2422 defleba-ny
1045 2354 1089 2406 des
1100 2354 1259 2420 Inlerdrlds.)

170 2467 221 2518 Ad
240 2470 289 2518 ter
306 2467 474 2517 maximum
492 2467 671 2526 pontificem
690 2470 722 2517 et
739 2467 893 2528 inclytum
910 2467 1084 2528 principem
1101 2469 1213 2520 Alben-

171 2557 238 2604 tum
266 2551 547 2613 Brsndeburpium,
578 2553 658 2613 Imp.
685 2554 775 2603 Rom.
804 2551 1003 2609 delector-sm,
1030 2553 1216 2606 Germaniae

171 2639 346 2698 primatem,
364 2642 400 2686 ut
417 2636 596 2697 ademptam
612 2638 758 2688 Gothano
777 2639 873 2688 choro
892 2637 1042 2687 musicam
1059 2640 1215 2699 propitius

301 2722 467 2772 restituere
485 2721 641 2783 dignetur,
659 2723 796 2772 Muttani
813 2723 867 2782 pis
884 2722 1083 2783 supplicatio.

232 2829 331 2908 Quale
354 2830 563 2896 ministerium
587 2831 715 2915 templis
739 2854 844 2896 arcere
868 2831 1018 2914 profanos

232 2918 400 2999 sopitoque
423 2923 529 2998 patres
551 2917 681 2999 longum
704 2940 826 2982 cessare
850 2918 948 2982 boatu

233 3004 328 3066 unius
350 3004 515 3067 interitum
538 3013 665 3086 propter
689 3005 825 3085 pastoris
847 3002 1018 3067 acerbum?

233 3088 358 3171 Aspice,
382 3109 478 3169 quum
502 3090 619 3153 clausis
641 3088 806 3152 obmutuit
828 3110 881 3152 ore
904 3089 1029 3153 sacellis

235 3173 397 3237 sacrificus
419 3195 599 3256 raucosque
621 3173 737 3238 chorus
760 3175 813 3257 pia
836 3195 997 3238 murmura
1019 3175 1152 3256 pressim

234 3259 375 3342 perlegat
397 3263 430 3322 et
450 3266 574 3324 moesto
597 3259 733 3324 celebret
756 3260 910 3323 libamina
932 3260 1033 3322 vultu.

234 3344 269 3407 ld
292 3350 400 3408 tamen
424 3345 570 3414 occurrit.
595 3347 667 3426 pius
690 3350 724 3409 nt
750 3351 918 3426 praecepta
940 3348 1092 3426 sequatur

235 3429 395 3512 pontificis
419 3431 565 3508 nostri3b
588 3430 740 3494 mandata
762 3431 890 3494 silentia
912 3434 1028 3494 servat.

236 3514 270 3579 Si
291 3515 393 3598 jubet,
416 3519 453 3578 ut
476 3536 606 3598 superos
630 3516 790 3597 placemus
813 3516 961 3593 carmine,
983 3515 1109 3597 praesul

235 3601 394 3664 maximus
416 3599 576 3675 hibertus,
600 3606 714 3664 cantus
736 3601 900 3665 resonabit
923 3600 954 3663 in
978 3608 1081 3665 auras.

236 3685 270 3748 Si
295 3690 424 3750 cantare
446 3690 544 3763 vetat,
567 3687 674 3750 tenuis
697 3685 785 3750 volnt
807 3686 920 3750 umbra
942 3686 1072 3750 silemus

237 3776 377 3834 errantes
400 3771 491 3834 taciti
514 3772 631 3834 circum
655 3771 830 3853 penetralia
853 3771 971 3835 divum.

237 3855 299 3919 Sed
322 3857 461 3920 tacuisse
484 3860 535 3920 sat
557 3861 606 3919 est
628 3856 829 3939 gemitusque
852 3857 976 3920 dedisse
1000 3877 1054 3938 per
1077 3877 1157 3919 aras.

235 3939 358 4006 Musica
381 3963 541 4005 sacrorum
565 3943 643 4006 socii
667 3941 884 4005 modulamina
906 3946 1051 4024 poscunt.

237 4027 316 4089 here
339 4028 419 4089 ciere
441 4048 548 4090 sacros
570 4027 786 4110 populumque
809 4027 842 4090 in
865 4027 985 4109 templa
1008 4047 1130 4101 vocare,

237 4117 269 4173 et
291 4111 386 4174 sclito
409 4134 554 4176 sermone
576 4134 683 4194 preces
707 4112 903 4194 hymnosque
926 4133 1059 4175 sonoros

202 4295 216 4321 ⁸
230 4279 351 4346 copiista.
418 4282 533 4332 bnustro
552 4279 626 4332 Tene.

206 4347 257 4402 ¹S.
277 4350 326 4400 557
346 4351 411 4402 ab
490 4348 543 4400 ²8.
562 4348 613 4401 206
639 4351 669 4401 A.
689 4348 712 4400 2.
784 4346 879 4413 ’hiep
907 4345 995 4399 Conon
1022 4344 1129 4415 (Kane).
1165 4346 1191 4400 S.
1210 4347 1263 4399 483

136 4418 166 4469 Α.
188 4418 209 4468 l.
280 4416 374 4468 ⁴War
400 4416 439 4468 ala
465 4416 599 4484 Syndikus
627 4416 663 4468 im
691 4416 816 4484 hustrago
844 4415 944 4467 Eriurte
970 4415 1017 4466 auf
1038 4415 1110 4467 einer
1134 4414 1263 4467 Gesandt·

134 4484 303 4537 achattsreisa
312 4484 338 4535 in
348 4483 436 4536 Mainz
449 4485 596 4540 abnoscnd.
614 4501 667 4538 uon
684 4484 731 4537 dcr
748 4500 777 4537 cr
794 4485 832 4536 im
849 4481 904 4535 Jnli
922 4482 1121 4541 znmchkehrtc.
1148 4481 1263 4537 ermen.

170 4553 275 4620 'Vera
300 4551 354 4605 Eol.
373 4552 408 4614 ΙΙ,
426 4553 467 4607 68.
538 4553 620 4606 ‘Das
647 4552 760 4605 Godicht
785 4551 861 4605 sollte
888 4550 972 4603 durch
996 4552 1048 4603 den
1069 4549 1192 4601 Maium
1213 4549 1274 4598 braz

139 4619 241 4674 Valent.
261 4621 429 4675 Suutlrausen
448 4621 610 4675 iibermittclt
628 4621 744 4675 werdon.
777 4620 809 4674 S.
823 4618 890 4688 lclq.
901 4617 955 4671 hur.
