2774 4966
360 645 466 716 hlutisn
483 676 517 715 sn
534 655 635 715 Urbsn.
664 656 770 713 llutian
787 672 822 711 sn
839 654 967 712 Herbord.
1156 654 1219 724 355

106 834 276 899 Candidior
291 839 385 911 esset,
397 836 459 898 nisi
474 833 616 899 Meriana
632 835 828 915 Lotianaqne
841 834 1004 916 aspergine
1019 833 1217 915 nigresceret.

103 920 213 984 Noluit
236 921 309 984 olim
334 920 502 984 adhaerere
524 923 589 985 tuis
613 920 815 985 Liehonibns¹
846 924 949 1002 spreto
974 920 1091 1000 liturgo
1118 919 1218 1001 plebis

106 1004 324 1087 Oradorftiae,²
350 1007 396 1070 vel
422 1008 495 1087 quia
519 1006 625 1070 Morus
656 1007 806 1070 dissuasit
827 1007 875 1068 rel
898 1007 973 1086 quia
1002 1005 1078 1068 dens
1107 1005 1217 1069 noluit.

104 1092 246 1174 Ignosce,
272 1092 355 1174 quod
379 1093 444 1155 dixi
470 1092 590 1172 ,tuis“;
613 1093 754 1174 posthac,
779 1113 861 1154 nunc
883 1114 901 1153 a
923 1097 955 1155 te
977 1091 1090 1154 certior
1104 1090 1217 1165 factus,

107 1199 168 1241 nou
193 1179 296 1241 dicam
324 1176 435 1256 „tuis“.
481 1178 608 1260 Semper
630 1180 731 1254 timui,
755 1180 799 1240 ita
816 1199 864 1240 me
880 1178 956 1240 deus
978 1182 1072 1251 amet,
1095 1174 1217 1239 illorum

106 1263 266 1327 hominnm
291 1264 494 1327 adversarios.
540 1265 622 1326 Vale.

206 1362 266 1415 Ceo.
285 1362 349 1415 Frcl.
368 1364 424 1416 333.

106 1550 221 1618 (Gotha.)
625 1535 696 1597 289.
977 1546 1016 1600 13.
1035 1550 1101 1617 Aug.
1122 1548 1219 1621 (1513).

455 1661 598 1747 lintion
621 1682 669 1731 an
691 1659 874 1730 Herbord.

109 1788 283 1854 (Besrlrrrerde
301 1788 362 1842 tiber
378 1790 436 1841 seio
456 1790 662 1858 Stilbdnm'gerr.
698 1788 816 1858 Anfrugc
826 1788 889 1841 dher
904 1788 953 1840 dm
972 1787 1051 1841 Slrcit
1062 1787 1105 1839 des
1121 1778 1221 1845 Cbrdars

107 1859 165 1910 arrd
185 1857 322 1909 Tilmrirrus
334 1859 391 1910 und
401 1859 449 1910 deu
461 1858 555 1911 Postea
572 1858 718 1926 Fellisluns.
759 1858 795 1911 Ob
812 1857 868 1910 siclt
886 1856 1002 1909 Herbord
1018 1873 1075 1908 com
1095 1857 1220 1911 &redium

106 1927 153 1979 der
170 1926 355 1979 barbarissimis
366 1926 488 1979 Jrrri‘shm
498 1945 536 1979 aa
547 1929 594 1980 deu
608 1928 710 1981 bessem
723 1928 855 1982 celerariae
865 1926 946 1977 dieses
955 1924 1054 1978 Fuches
1065 1925 1219 1992 gemendettl

190 2041 371 2091 Herebordo
385 2041 605 2101 jurisconsulto
623 2043 774 2104 singulari
791 2039 932 2092 doctrina
947 2037 1001 2103 (Μ.
1019 2035 1141 2105 Rullus).

213 2149 244 2215 S.
289 2150 368 2226 Quid
393 2153 461 2232 agis
484 2175 537 2235 per·
560 2153 619 2216 hoc
641 2155 776 2236 spatium
801 2157 833 2215 et
855 2150 947 2214 terias
963 2151 1003 2214 ad
1018 2150 1219 2214 recreandum

110 2238 248 2300 animum
265 2237 490 2319 interpositas?
526 2237 654 2320 Colligis
670 2240 779 2321 opinor
795 2239 833 2301 ad
850 2236 1058 2320 professiones
1075 2236 1221 2299 hibernas

111 2320 257 2386 dictata⁸
300 2322 334 2386 Si
368 2328 398 2385 te
432 2323 490 2386 hoc
524 2325 661 2388 studium
696 2325 874 2388 demoratur
905 2344 942 2386 ac
975 2323 1058 2385 domi
1092 2322 1221 2399 detinet,

111 2410 189 2471 bene
216 2408 312 2472 habet
335 2414 366 2471 et
389 2409 483 2489 probe
515 2411 699 2488 sacerdotio,
721 2411 752 2473 id
776 2414 825 2473 est
847 2409 958 2473 honori
979 2413 1045 2482 tuo,
1073 2407 1221 2471 consulis.

112 2493 167 2556 Sin
192 2500 296 2557 autem
326 2495 541 2558 circumcurris
564 2502 596 2559 et
617 2503 708 2560 vacat
738 2497 876 2573 omnino,
906 2494 1106 2557 scribendum
1139 2497 1223 2557 esset

114 2578 269 2642 interdum
308 2581 346 2643 ad
384 2585 471 2643 tuum
509 2580 685 2645 Mutianum
723 2586 755 2644 et
791 2578 1009 2663 interpolanda
1046 2578 1220 2643 concordia.

113 2665 206 2728 Patet
228 2666 308 2727 enirn
334 2687 462 2747 campus
484 2667 549 2729 stili
571 2667 710 2743 laxioris,
733 2666 816 2747 quod
839 2666 951 2729 oborta
974 2666 1016 2728 sit
1031 2665 1125 2729 isthic
1139 2665 1222 2728 inter

114 2752 197 2814 viros
219 2750 346 2813 literarii
370 2753 489 2815 ordinis
513 2754 723 2816 controversia
739 2757 771 2815 et
784 2753 938 2815 invitatus
955 2750 1082 2832 quidam
1099 2748 1221 2814 Rieius‘

110 2837 150 2899 ad
178 2836 400 2899 lacessendum.
452 2836 532 2913 Quid
565 2837 709 2901 Proteus⁵
740 2837 861 2901 sentit?
905 2837 1078 2899 Manetne⁸
1107 2837 1221 2919 imper-

109 2923 238 2985 territus
269 2944 307 2984 an
340 2923 441 3003 passis
476 2922 586 3005 palmis
619 2922 720 2987 Cordo
754 2921 935 3006 supplicat?
979 2922 1055 2998 Quis
1088 2925 1137 2985 est
1169 2922 1222 2986 ills

111 3006 313 3070 Fellilluus?⁰
361 3008 429 3087 Hui,
452 3010 526 3091 quid
550 3010 610 3072 sibi
634 3009 770 3073 nominis
799 3008 941 3089 arrogat!
987 3006 1114 3091 Siquis
1138 3007 1223 3071 velut

113 3094 247 3157 immitia
269 3093 371 3156 adhuc
393 3102 424 3156 et
447 3094 545 3158 cruda
567 3117 660 3177 poma
682 3095 814 3158 acerbus
838 3100 919 3157 essct
942 3098 974 3156 et
995 3094 1110 3157 irarum
1127 3098 1222 3175 atque

112 3180 255 3242 insaniae
278 3180 388 3261 plenus
410 3202 447 3243 ac
470 3201 594 3261 prorsus
618 3179 709 3243 homo
735 3181 896 3255 barbarus,
918 3179 1096 3257 iracundus,
1127 3185 1223 3242 teme·

110 3265 221 3337 rarius,
245 3265 328 3327 hune
351 3285 408 3345 ego
431 3271 556 3347 propter
578 3267 729 3347 ejusmodi
752 3266 908 3330 feritatem
932 3265 1094 3328 tellitluum
1118 3264 1223 3348 appel-

112 3352 217 3415 larem.
263 3352 339 3426 Quis
376 3353 495 3432 peperit
524 3352 582 3415 hoc
615 3353 765 3416 verbnm?
810 3352 954 3415 Fortasse
987 3348 1221 3433 labyrinthus!

112 3438 227 3500 Poetae
256 3437 457 3518 jucundiores
483 3442 550 3501 turn
584 3438 724 3501 melliflui
756 3443 822 3502 tum
857 3437 1028 3519 melliloqui
1062 3437 1222 3517 cognomi-

112 3540 236 3586 nantur.
281 3522 381 3585 llesiit
414 3545 497 3586 nune
520 3546 558 3585 ex
582 3524 665 3587 dulei
698 3525 833 3586 carmine
862 3525 956 3585 fluere
985 3521 1045 3584 ‘mel
1078 3523 1222 3601 ericeum,

113 3609 168 3671 scd
191 3615 321 3671 manant
343 3609 495 3671 absinthii
518 3615 570 3671 tus
594 3619 625 3671 et
650 3610 783 3690 „amaris
810 3608 920 3690 intyba
948 3606 1083 3671 tibris“.⁸
1127 3607 1222 3672 Porro

112 3695 139 3757 si
170 3694 245 3756 baec
267 3699 303 3756 nt
324 3695 426 3757 aliena
459 3696 644 3766 contemnis,
678 3695 780 3758 scribe
813 3694 934 3765 saltem,
966 3714 1059 3774 quam
1088 3693 1128 3756 ob
1159 3716 1222 3757 rem

116 3788 232 3851 taceas,
257 3780 303 3841 rel
328 3781 364 3842 de
387 3782 605 3843 communibus
627 3781 741 3843 studiis
764 3802 800 3842 ac
823 3780 980 3861 responsis
1007 3780 1082 3853 tuis,
1111 3784 1148 3842 ut
1173 3780 1223 3842 in·

113 3865 263 3945 telliganr,
287 3867 443 3947 quomodo
466 3866 639 3948 conjungas
661 3865 871 3947 eloquentiam
889 3886 958 3928 cum
972 3865 1223 3946 jurisperitorum

114 3952 222 4033 copiis,
246 3952 360 4032 quibus
387 3953 581 4032 argumentis
607 3953 732 4016 evincas
759 3952 877 4015 auxilia
904 3951 1116 4029 barbarorum,
1143 3972 1224 4033 qnae

184 4150 197 4177 ⁵
212 4140 297 4187 manet
315 4152 354 4187 ne.

184 4207 191 4235 ¹
209 4203 435 4257 llnrerstttndlieh.
472 4205 546 4257 ducti
564 4205 589 4256 in
609 4204 650 4257 Br.
670 4205 719 4257 328
737 4205 836 4257 kommt
848 4205 935 4271 liobe,
954 4204 1015 4257 aber·
1031 4203 1070 4256 als
1087 4203 1166 4256 nativ
1177 4219 1225 4256 vor

113 4272 218 4340 (dicho
233 4278 281 4325 'tuo
301 4274 468 4341 porsinrilise),
486 4291 526 4326 uo
544 4275 631 4325 essin
651 4274 856 4327 Personennamo
874 4274 914 4326 ist.
968 4276 978 4305 ²
996 4273 1048 4325 Iler
1064 4272 1157 4325 Pastor
1172 4289 1222 4325 von

113 4341 245 4394 tlhrdrnll.
316 4342 459 4395 ³llerberd
483 4360 537 4395 war
560 4343 627 4396 Prot.
648 4343 715 4412 juris
741 4344 766 4394 in
789 4343 882 4397 Erturt.
951 4342 1084 4396 ⁴t³ordun
1103 4341 1161 4464 l'pl.
1180 4341 1223 4395 Br.

112 4411 171 4463 ⁶236.
225 4410 277 4464 ⁵8.
296 4410 345 4462 st?
365 4413 394 4463 Α.
417 4415 436 4463 l.
489 4412 570 4464 ⁶lior
589 4412 652 4464 l‘oet
669 4412 721 4464 und
742 4411 881 4479 l'lrilesoplr
899 4412 957 4465 loh.
978 4410 1102 4463 Fomilius
1114 4410 1124 4479 (
1137 4410 1224 4473 'emoll

112 4494 162 4531 uus
185 4479 280 4543 Erturt,
307 4480 739 4543 immutuit.1508,llncnl.lz'rll,
762 4480 828 4548 hlug.
851 4482 922 4538 1:313,
944 4484 1029 4549 sptiter
1051 4479 1152 4553 (legner
1178 4480 1225 4532 der

112 4547 282 4602 Luthernner.
311 4549 346 4600 Er
363 4549 494 4615 boteiligto
511 4550 567 4602 sicli
578 4566 619 4601 arn
629 4549 723 4601 Streite
742 4566 823 4617 gagen
839 4548 946 4601 Tilonin.
1000 4548 1009 4579 ²
1028 4548 1224 4615 Diob'ophistan

113 4617 139 4669 d.
159 4616 184 4669 h.
203 4617 245 4669 dic
262 4618 312 4669 den
330 4616 427 4670 ,l‘eeten
445 4618 600 4671 toiudlichen
624 4617 974 4686 l?niversiti'rtsphilosophen,
1002 4632 1089 4685 wogen
1107 4616 1153 4669 der
1172 4617 1223 4671 Irr-

113 4690 196 4755 gtnge
213 4686 283 4738 ihrer
299 4686 451 4739 Scholastilr.
522 4687 627 4755 ‘'Verg.
646 4688 736 4755 Georg.
753 4686 775 4754 1,
794 4686 849 4739 120.
959 4754 1032 4821 (w
