2774 4966
133 586 194 649 164
513 582 600 637 Briele
618 599 668 635 von
689 582 865 637 1508-1509.

126 755 302 837 propinans
325 754 396 834 plus
419 753 504 815 aloes
538 773 633 832 quam
669 752 807 815 mellitae
840 752 991 833 potionis.
1039 752 1182 816 Prudens
1215 753 1264 815 vir

128 840 276 901 fortunae
312 839 394 901 ictus
429 839 586 918 patienter
620 837 767 917 excipiat.
824 836 868 897 Ea
903 858 975 900 rero
1011 858 1093 917 quae
1128 837 1263 901 consilio

127 924 282 1005 provideri
308 928 452 1005 possunt,
476 923 508 983 in
530 922 569 981 iis
587 944 648 982 non
667 921 804 983 l'allatnr.
844 921 1013 1001 Nunquam
1033 922 1118 984 volui
1136 922 1263 985 evolare

127 1015 159 1071 et
194 1008 403 1071 conscendere
439 1006 602 1085 fastigium
642 1006 771 1085 majoris
805 1006 933 1084 gloriae,
971 1028 1065 1069 casus
1105 1012 1261 1069 metuens.

127 1094 161 1156 In
187 1093 281 1175 plano
305 1114 406 1174 serpe,
432 1113 470 1153 ne
492 1090 613 1163 eadam,
638 1092 683 1152 ita
706 1097 813 1151 tamen
838 1093 1086 1172 circumspectus
1104 1100 1137 1152 et
1153 1091 1262 1163 solete.

128 1183 164 1241 ut
200 1198 292 1240 nemo
329 1176 406 1238 mihi
440 1176 542 1257 possit
579 1176 749 1255 imponere.
807 1174 971 1238 Laudatur
1004 1177 1086 1238 eninr
1122 1176 1263 1257 prudens

130 1262 329 1345 simplicitas.
378 1260 490 1341 Accepi
507 1260 715 1322 Enchiridion
732 1259 1016 1339 Pythagoricorum
1034 1261 1263 1341 aenigmatum,

131 1370 212 1429 quae
229 1347 433 1410 doctissimus
451 1344 625 1407 Beroaldus
642 1345 673 1406 in
691 1345 826 1407 literatis
844 1345 944 1407 literis
961 1345 1080 1427 primus
1104 1346 1264 1427 professor

131 1455 185 1514 per
214 1432 426 1513 tropologiam
468 1430 640 1510 exposuit'
701 1429 873 1491 Remittam
910 1431 1063 1509 protinus.
1111 1428 1261 1493 Rufinus²

132 1518 192 1580 ibit
216 1516 438 1598 Erphurdiam,
464 1524 498 1577 ut
522 1536 656 1577 censura
679 1514 818 1576 tollatur.
855 1514 1007 1593 Sigillifer
1030 1516 1154 1595 accepit
1179 1514 1262 1578 haud

132 1603 227 1666 dubie
255 1623 340 1664 meas
363 1601 479 1663 literas.
525 1597 588 1661 Sed
611 1600 837 1679 occupationes
861 1607 892 1661 et
914 1600 1053 1681 pericula
1068 1608 1144 1662 sunt
1161 1604 1264 1675 tanta,

132 1692 255 1750 utnon
280 1686 390 1766 possit,
423 1685 548 1746 etianrsi
580 1685 666 1753 velit,
690 1707 724 1745 se
746 1685 947 1746 auxiliarium
980 1691 1150 1766 praestare.
1199 1686 1264 1767 ligo

131 1794 185 1853 pro
210 1776 321 1835 mutua
344 1772 553 1850 germanitate
585 1776 693 1831 nostra
725 1770 837 1831 limiam
870 1774 906 1831 ut.
929 1771 1140 1832 arnis-issimus
1169 1776 1265 1851 teque

132 1878 255 1933 moneo,
287 1862 323 1919 ut
356 1856 403 1918 rel
435 1855 541 1917 literas
573 1854 611 1916 ad
642 1877 691 1916 me
719 1855 774 1915 iles
805 1855 843 1916 ad
872 1862 945 1916 tuos
981 1856 1182 1935 perferendas
1218 1854 1265 1918 rel

132 1945 198 2025 ipse
222 1964 291 2005 cras
314 1941 376 2003 huc
400 1941 516 2002 venias.
564 1938 645 2001 Vale.
1141 1944 1147 1951 ’

286 2039 348 2093 Cod.
367 2039 433 2093 Fruf.
454 2038 511 2091 149.

132 2260 247 2329 (Gotha.)
665 2242 734 2304 128.
1017 2257 1059 2309 21.
1078 2260 1145 2327 Aug.
1166 2260 1267 2329 (m).

490 2367 634 2437 llntian
656 2388 705 2437 an
728 2368 913 2437 Harbord.

134 2496 265 2557 (Hcrbord
281 2495 394 2548 selrrcr'bt
412 2496 490 2547 sellan
510 2496 566 2546 und
583 2496 647 2547 olrrrc
666 2495 782 2560 Sorpsnlt
802 2494 842 2546 rin
861 2493 933 2546 sole.
963 2493 1190 2561 elrrfrrruntcrwrp,
1209 2496 1267 2547 sicle

132 2565 314 2631 orrfreeruffcn.
341 2564 461 2615 Hr'urrcr's
472 2564 578 2629 urrsrlen
592 2563 834 2631 Ile-iliporrlnlmrder
842 2563 885 2613 des
899 2562 948 2614 (ln.
959 2562 1071 2640 Appius.
1083 2562 1268 2631 Sitnnnere'nys

134 2633 323 2685 summensis.
367 2632 479 2683 warum
501 2635 595 2684 t'rolrrs
612 2632 655 2683 die
671 2632 839 2682 loerilnr'selren
862 2631 950 2682 (liitlm‘
966 2636 1017 2681 ruri
1034 2632 1082 2681 dem
1095 2632 1267 2684 ‹ru-retorem

135 2701 278 2753 rerdmndcn
304 2702 369 2753 hul?
406 2701 455 2752 loe
482 2700 620 2766 Tlrcolopcn-
642 2701 743 2752 erentes
767 2705 859 2751 rrrt'tcn.
897 2699 1016 2750 Ilerlmul
1036 2699 1105 2751 reiut
1124 2699 1152 2751 in
1176 2700 1269 2753 Ir'r'r'rrc

526 2768 734 2836 frer'peaprochen
752 2768 872 2833 werden.)
1173 2793 1176 2799 ·

406 2881 590 2932 Herebordo
608 2882 782 2942 Margarita
800 2880 855 2946 (Μ.
873 2879 996 2945 Rufus).

240 2989 273 3054 S.
327 2988 552 3073 Corripiendus
589 3014 623 3055 es
661 2992 768 3074 potius
812 3013 906 3073 quam
952 2989 1183 3067 admonendus,
1228 3013 1268 3055 ne

139 3075 275 3139 Mutiani
299 3080 336 3138 ut
358 3078 452 3139 amici
475 3077 674 3141 obliviscaris
698 3099 775 3139 nere
799 3081 994 3153 contemnas,
1018 3097 1112 3157 quem
1135 3075 1269 3158 diligere

136 3161 239 3223 debes.
286 3160 379 3224 Venit
411 3163 443 3224 in
472 3164 565 3226 aedes
599 3185 684 3226 meas
717 3161 822 3225 scriba
857 3159 1041 3236 Geortalis,⁸
1076 3162 1203 3242 rogavit
1226 3182 1266 3225 an

136 3247 354 3328 scripsissem?
399 3246 509 3328 llxigit
532 3247 684 3311 debitum.
731 3250 799 3323 Quo
826 3252 861 3310 tu
885 3268 934 3308 me
958 3247 1076 3309 credito
1093 3246 1268 3327 obligasti?

136 3332 270 3394 Promisi
303 3354 352 3393 me
383 3333 480 3395 lidum
506 3336 535 3395 in
561 3335 702 3396 amicitia
736 3336 876 3395 futurum
913 3332 1124 3411 daturumque
1158 3332 1268 3396 literas

139 3418 274 3481 libenter
296 3423 327 3480 et
350 3426 502 3480 amanter.
549 3419 703 3494 Quocirca
737 3419 900 3500 promissis
935 3418 1099 3498 alligatum
1134 3418 1266 3480 resolvo.

137 3502 185 3565 'l'u
209 3524 280 3566 reru
304 3504 423 3584 spolias
448 3526 495 3566 me
517 3505 690 3586 voluptate,
714 3525 809 3583 (luam
833 3526 872 3564 ex
896 3505 960 3565 tuis
984 3503 1084 3565 literis
1108 3508 1267 3585 percipere

136 3588 231 3650 soleo.
277 3586 362 3651 Dura
384 3590 560 3653 frustratio.
607 3589 642 3652 Si
668 3612 717 3651 me
739 3610 837 3665 amas,
860 3594 1041 3668 torpentem
1065 3588 1148 3649 inter
1176 3610 1268 3652 curas

137 3694 250 3736 recrea.
297 3672 377 3736 Nam
398 3676 493 3738 vicini
510 3675 588 3738 mibi
605 3675 749 3737 invident
766 3681 797 3736 et
814 3674 937 3736 molesti
954 3694 1103 3737 essenon
1130 3680 1266 3737 cessant.

136 3756 243 3821 Unum
274 3759 307 3820 in
340 3758 531 3824 lectionibus
565 3760 725 3836 solatium,
760 3759 877 3839 quibus
909 3763 945 3821 tu
978 3759 1099 3840 aliquid
1131 3759 1267 3841 adjicere

138 3842 269 3906 deberes
291 3847 324 3906 et
346 3845 438 3926 quasi
469 3847 638 3909 succinere.
684 3844 799 3908 Mirum
833 3865 928 3925 quam
959 3843 1098 3924 jucunde
1133 3848 1267 3908 avocent

138 3926 281 3991 eruditae
304 3928 594 4007 confabulationes;
617 3954 637 3994 a
659 3930 777 4010 quibus
807 3929 968 3991 abhorres.
1014 3929 1106 4008 Pigro
1139 3933 1265 3993 tanturn

139 4016 172 4075 et
194 4011 370 4076 lentissime
401 4036 502 4095 pauca
533 4017 655 4079 scribis.
701 4014 796 4078 Nulla
831 4015 996 4077 verborum
1031 4014 1154 4092 electio,
1190 4013 1267 4077 nibil

138 4102 306 4171 remotum,
341 4101 448 4162 omnia
483 4102 636 4181 vulgaris.
682 4100 796 4163 llateor
825 4102 870 4162 ita
899 4100 1102 4163 scribendum
1137 4122 1207 4163 esse
1228 4098 1266 4164 ad

139 4182 230 4245 aliae.
277 4182 323 4245 Ad
347 4206 396 4247 me
419 4207 537 4267 quaeso
562 4188 671 4249 mittas
693 4187 912 4266 exqrrisitiora,
937 4192 974 4247 nt
995 4185 1111 4248 studiis
1142 4188 1207 4249 tuis
1228 4206 1266 4247 ex

138 4266 237 4331 animi
269 4270 430 4333 sententia
464 4272 667 4351 gratulemur.
715 4271 785 4333 lion
818 4272 898 4333 satis
927 4276 975 4334 est
1005 4271 1138 4333 barbara
1173 4270 1268 4333 verba

139 4350 316 4435 repudiare,
340 4354 402 4416 nisi
426 4354 551 4419 ‹liversa
573 4378 725 4419 assumas.
774 4357 884 4418 llxeita
919 4357 1057 4436 sopitum
1094 4356 1268 4433 ingenium.

210 4500 220 4533 ¹
301 4500 363 4557 hala
381 4502 546 4573 Pythagorae
565 4504 697 4558 moraliter
719 4504 857 4573 explicata.
932 4506 985 4561 ²8.
1004 4506 1020 4557 4
1039 4508 1070 4557 Α.
1092 4507 1113 4556 l.
1184 4504 1270 4559 ³l'ou

340 4576 414 4625 unet
430 4576 497 4625 stete
514 4574 742 4643 (leorgirallensis.
