2774 4966
553 610 659 665 Mutian
678 626 711 665 an
732 610 830 664 Urban.
1191 611 1255 676 583

126 773 232 845 secum
268 781 413 845 attulerit
448 781 533 845 nitor
565 781 691 845 caliculi
724 782 872 861 recentis,
906 782 961 846 sed
1004 783 1117 863 magis,
1147 786 1184 846 ut
1206 802 1265 864 ego

124 867 324 948 interpretor,
358 864 400 931 ob
434 867 694 931 accelerationem
729 867 890 932 scribendi
924 889 1102 948 curamque
1133 869 1176 931 rei
1208 869 1265 931 do·

125 953 274 1017 mesticae
297 951 345 1015 vel
369 952 476 1034 potius
508 952 689 1016 culinariae.
735 952 972 1036 Deplnmabant
1009 954 1092 1016 enirn
1126 952 1266 1017 aviculas

122 1034 176 1099 LX
202 1035 377 1102 Mercurius
400 1041 432 1100 et
457 1036 610 1101 Adamus¹
631 1043 719 1119 pater
736 1038 916 1102 veneranda
932 1039 1107 1120 gravitate,
1123 1041 1155 1101 et
1171 1037 1264 1102 collo·

125 1122 300 1202 quentibus
322 1126 360 1186 ut
382 1121 420 1186 fit
441 1127 539 1204 atque
561 1122 624 1186 alio
647 1123 870 1204 spectantibus
903 1124 994 1204 niger
1029 1123 1110 1201 felis,
1142 1125 1193 1187 cui
1223 1122 1264 1187 ab

124 1209 192 1290 ipso
227 1209 330 1273 colore
360 1207 472 1271 Mauro
508 1229 621 1272 nornen
646 1213 704 1286 est,
728 1230 825 1273 unam
849 1231 888 1273 ex
913 1208 1091 1273 calathisco
1126 1209 1265 1289 sublegit

123 1298 386 1377 praereptamque
419 1293 535 1358 detulit
566 1295 599 1356 in
629 1298 794 1376 aspectum
830 1316 945 1371 meum,
983 1300 1138 1375 tanquam
1171 1293 1264 1358 fortis

123 1383 155 1442 et
185 1379 335 1443 strenui*
367 1378 480 1443 militis
511 1401 638 1462 operam
670 1380 827 1462 insignem
861 1385 1023 1443 navasset.
1069 1378 1202 1443 Cucurri
1223 1380 1263 1443 ad

123 1464 260 1528 aviarios
282 1469 315 1528 et
336 1464 430 1528 simul
463 1466 676 1547 rapinatorem
708 1466 988 1548 persequebamur,
1011 1486 1104 1546 aegre
1134 1465 1264 1528 tandem

123 1551 240 1633 praeda
263 1556 458 1631 recuperata.
503 1550 553 1613 lta
577 1571 631 1631 per
653 1572 763 1613 omnes
796 1549 924 1632 gradus,
954 1571 1007 1632 per
1037 1551 1145 1614 omnia
1175 1550 1265 1613 cubi-

124 1635 204 1710 cula,
238 1657 292 1716 per
323 1640 491 1717 utramque
524 1656 628 1698 arearn
660 1635 789 1698 lllaurus
814 1657 884 1699 cum
910 1637 1022 1718 rapina
1050 1634 1180 1698 volavit.
1225 1635 1262 1699 ln

125 1720 184 1784 bac
209 1720 268 1783 levi
292 1742 324 1784 re
348 1725 523 1802 occupatus
546 1742 618 1783 cunr
642 1720 682 1783 ad
705 1721 814 1784 stilum
838 1720 1011 1794 rediissem,
1044 1741 1107 1783 non
1140 1721 1264 1785 excessi

124 1806 202 1868 fines
226 1805 356 1887 incepti,
381 1805 435 1869 sed
460 1807 585 1887 perstiti
608 1807 640 1868 in
665 1805 873 1869 describendo
903 1805 1049 1869 muliebri
1083 1805 1263 1869 simulacro.

124 1890 181 1953 His
206 1913 277 1954 vero
303 1891 471 1954 matutinis
495 1890 581 1954 boris
604 1891 799 1954 immortales
829 1912 890 1972 ago
923 1891 982 1955 tibi
1015 1890 1145 1972 gratias,
1178 1891 1265 1972 quod

124 1981 249 2058 practer
273 1975 527 2057 magnitudinem
552 1977 621 2058 piae
644 1976 833 2053 voluntatis,
860 1998 957 2059 quam
982 1997 1057 2058 erga
1081 1997 1130 2039 me
1154 1976 1264 2040 multis

124 2061 320 2124 testimoniis
343 2061 471 2142 saepius
494 2060 663 2125 declarasti
686 2065 718 2125 et
741 2083 826 2125 nunc
854 2061 1008 2142 liquidius
1042 2063 1138 2124 misso
1167 2060 1264 2126 calice

129 2147 215 2210 velut
238 2146 380 2224 exhibes
404 2145 587 2230 promiseris
610 2150 642 2210 te
665 2148 784 2211 iturum
814 2147 934 2230 Lipsim
959 2151 1028 2210 turn
1052 2146 1093 2209 ad
1117 2147 1263 2211 librarios

126 2237 193 2296 tum
228 2233 267 2295 ad
302 2230 572 2313 Degenbardum,²
607 2233 700 2297 modo
732 2231 865 2297 Duronii
900 2238 1012 2296 nutum
1051 2233 1263 2315 impetrarem.

129 2316 213 2383 Cave
236 2323 328 2400 putes
353 2340 401 2382 me
426 2317 542 2381 babere
566 2318 702 2382 amicum
736 2318 837 2399 magis
872 2317 1061 2392 officiosum,
1098 2319 1152 2398 qui
1188 2317 1265 2382 mihi

126 2405 227 2467 carior
250 2405 292 2466 sit
316 2425 413 2486 quam
436 2407 481 2480 tu,
512 2402 604 2485 cujus
635 2425 693 2484 ego
726 2403 959 2485 indulgentiam
984 2407 1016 2467 et
1038 2402 1132 2467 fidem
1165 2402 1264 2484 pluris

127 2489 250 2553 faciam.
296 2489 406 2552 Essem
438 2488 568 2567 stultus,
591 2490 618 2552 si
641 2494 691 2553 tot
721 2491 844 2565 merita,
875 2493 1000 2553 tantam
1031 2487 1264 2554 humanitatem

127 2582 160 2638 ct
182 2575 421 2638 observantiam
439 2596 502 2639 non
520 2596 735 2656 agnoscerem,
753 2596 816 2640 non
835 2574 1010 2657 probarem.
1057 2573 1146 2638 Scito
1166 2569 1265 2655 igitur

127 2665 159 2722 te
182 2683 201 2722 a
224 2682 273 2722 me
291 2660 353 2722 coli
370 2666 402 2723 et
419 2659 508 2740 diligi
532 2682 664 2741 esseque
688 2661 842 2743 propositi
866 2660 967 2723 nostri
990 2658 1105 2722 referre
1126 2660 1265 2742 gratiam

128 2749 160 2808 et
183 2745 310 2808 studere
341 2744 401 2808 tibi
431 2745 463 2808 in
492 2746 580 2809 omni
609 2745 685 2808 vita.
734 2746 856 2810 Adamo
891 2745 1020 2809 dabitur
1046 2743 1191 2827 epistola
1224 2745 1264 2809 ad

128 2827 319 2894 Duronium³
356 2830 407 2893 die
443 2830 580 2894 Veneris.
634 2828 702 2894 Sub
733 2831 815 2895 idem
852 2836 978 2913 tempus
1011 2834 1047 2893 tu
1082 2834 1114 2893 et
1147 2830 1265 2896 Paulus

68 2986 71 2991 ,
129 2914 312 2998 episcopus⁴
335 2916 382 2978 uti
406 2917 555 2979 existimo
579 2917 777 2980 convenietis
800 2917 831 2979 in
856 2917 942 2979 Luco
959 2915 1148 2996 Georgiano.
1194 2915 1265 2997 lpse

130 3023 258 3085 quoqne
275 3002 473 3065 decreveram
490 3001 606 3065 venire.
647 3000 710 3065 Sed
727 3002 804 3083 quid
820 3002 853 3064 in
870 3001 967 3065 turba
983 2999 1123 3065 faciam?
1161 3000 1265 3067 Habe-

128 3088 177 3151 bit
209 3092 340 3151 sanctus
370 3086 530 3151 Duronius
562 3087 680 3151 multos
709 3108 919 3169 congerrones
950 3109 989 3150 ex
1020 3086 1175 3150 comitatu
1206 3085 1264 3150 ho·

127 3173 230 3254 spitis.
278 3173 348 3236 Non
385 3173 492 3236 liceret
525 3171 603 3235 mibi
636 3194 777 3236 seorsum
812 3172 950 3254 colloqui
974 3175 1068 3235 etex
1096 3172 1262 3235 commodo

127 3265 184 3322 tuo
203 3259 298 3322 verba
317 3257 430 3322 facere.
476 3257 668 3339 Aucupabor
684 3258 881 3322 occasionem
898 3262 931 3320 et
946 3256 1123 3321 observabo
1138 3261 1265 3340 tempus

129 3344 288 3408 idoneum.
338 3343 377 3405 ltt
401 3347 478 3423 puto
503 3348 570 3406 turn
594 3343 752 3420 salutabo,
781 3365 851 3407 cnm
884 3343 1059 3406 Vestalium
1088 3342 1170 3405 ratio
1201 3341 1264 3406 dis-

130 3430 308 3510 putabitur.
369 3425 510 3491 Tametsi
548 3433 689 3493 nostram
728 3429 950 3492 assiduitatem
995 3425 1264 3492 insolentissimus

130 3513 313 3577 Bartholus⁵
347 3513 389 3576 ab
422 3513 660 3577 immanissimis
695 3512 807 3578 llloris⁶
841 3511 1112 3577 obtrectatoribus
1146 3514 1264 3578 nostris

129 3621 299 3681 persuasus
332 3599 362 3662 in
396 3599 590 3662 contrarium
624 3599 728 3680 rapiat
755 3603 788 3663 et
815 3599 923 3663 omnia
954 3598 985 3661 in
1019 3596 1263 3673 deformitatem,

130 3705 211 3764 quae
237 3683 314 3747 boni
336 3684 376 3747 ad
400 3683 591 3764 dignitatern
620 3684 769 3762 referunt,
800 3688 969 3766 pervertat.
1016 3681 1105 3759 Quod
1129 3704 1193 3746 non
1216 3684 1265 3746 in-

127 3769 211 3850 juria
246 3768 378 3832 moleste
413 3769 488 3833 fera.
536 3770 640 3849 Atque
663 3774 700 3832 ut
732 3769 770 3833 da
801 3791 865 3831 uno
898 3768 1030 3832 crimine
1064 3767 1144 3832 falso
1180 3790 1265 3834 nunc

127 3876 234 3936 agam:
269 3877 309 3917 nn
344 3876 406 3917 non
436 3876 532 3935 grave
563 3859 613 3918 est
642 3860 675 3917 et
704 3854 859 3935 iniquum,
894 3853 979 3935 qnod
1014 3852 1182 3917 cavillatur
1214 3875 1264 3918 ma

128 3941 238 4002 deesse
268 3939 415 4003 civilibus
444 3939 570 4016 officiis,
597 3940 715 4021 quibus
744 3940 841 4003 ceteri
869 3937 1083 4020 manipulares
1110 3940 1169 4002 mei
1200 3960 1264 4003 non

129 4026 232 4088 solum
250 4028 372 4100 assunt,
394 4024 560 4088 sedetiam
579 4024 752 4107 praesunt?
796 4023 951 4106 intelligit
970 4028 1105 4106 nugator
1124 4023 1264 4107 nuptias,

134 4111 304 4192 primitias,
329 4108 500 4173 convivia.v
547 4110 627 4186 Quid
645 4111 757 4174 sannio
775 4110 846 4174 vilis
862 4109 979 4173 latrat?
1024 4109 1161 4191 Egoneb
1186 4110 1265 4191 poli·

197 4275 211 4303 ⁸
227 4261 352 4314 strennui.
425 4261 507 4330 bEgo
524 4276 565 4315 ne.

201 4329 254 4382 ι8.
273 4330 323 4384 507
343 4332 373 4381 A.
395 4331 416 4381 1.
454 4329 480 4382 S.
499 4330 550 4383 407
569 4331 601 4381 A.
619 4330 641 4382 2.
678 4329 758 4383 Pater
776 4329 932 4383 scherabalt.
1003 4327 1176 4394 ’Pfeffingea
1204 4326 1265 4381 S.4

129 4400 162 4450 A.
182 4398 206 4449 2.
243 4397 297 4450 rur
315 4397 361 4449 ihu
380 4397 484 4450 scheint
508 4398 554 4449 der·
580 4397 663 4450 Polral
689 4397 826 4451 bestimmt
852 4412 974 4465 genesen
992 4412 1025 4449 au
1042 4395 1107 4449 sein.
1143 4395 1202 4464 Vgl.
1221 4395 1264 4450 Br.

129 4465 188 4519 412.
217 4466 292 4519 Dnch
311 4482 331 4518 s.
351 4465 462 4519 Schluss
479 4482 505 4519 v.
524 4465 568 4518 Br.
588 4465 646 4519 523.
703 4465 790 4519 ³nbr.
818 4464 842 4519 S.
865 4464 914 4519 108
932 4467 962 4518 A.
984 4467 1007 4516 1.
1061 4463 1226 4520 ‘amon
1241 4466 1264 4517 7.

164 4534 242 4587 οΕἰη
260 4535 385 4587 Beanrter
403 4535 449 4588 dos
466 4533 698 4588 Nonucnklosters.
730 4533 756 4589 S.
775 4532 826 4586 275
843 4535 875 4586 A.
894 4533 916 4585 2.
988 4531 1108 4587 ⁰Morus
1125 4533 1184 4583 und
1197 4532 1268 4584 Cron-

130 4606 226 4656 sorten.
301 4604 309 4634 ²
328 4602 454 4655 Denselbe
472 4602 597 4656 Vorwurl
613 4619 666 4656 von
682 4602 776 4656 Seiteu
793 4603 844 4656 des
856 4602 1018 4670 btcpnanus
1028 4600 1065 4649 'ru
1072 4598 1131 4648 mx.
1145 4598 1214 4645 aas„
