2774 4966
535 580 539 587 s

532 576 638 645 liutius
656 607 691 642 uu
709 589 841 659 spalatin.
1205 593 1245 658 19

123 767 231 845 regula
264 766 343 830 mire
376 764 531 846 congruit.
588 761 722 826 Valeant
753 762 879 826 barbari
914 768 946 827 et
979 764 1061 828 inter
1095 765 1247 832 barbaros

125 853 343 934 superbientes
365 855 398 913 et
421 849 622 927 contentiosi,
637 862 651 888 ²
673 849 726 930 qui
750 848 837 922 mihi,
862 871 955 932 quem
978 852 1070 914 unice
1094 855 1192 917 vereri
1216 860 1247 917 et

127 940 224 1003 colere
247 938 437 1010 deberent,b
459 934 657 998 stomachum
682 934 811 997 faciunt.
859 934 997 1000 Cottidie
1020 938 1161 1018 gliscunt
1183 961 1246 1004 ser-

130 1046 232 1088 mones
254 1023 486 1100 contumeliosi,
510 1023 658 1097 minaces,
682 1022 795 1084 acerbi.
842 1021 979 1085 Tantum
1003 1026 1093 1086 abest
1117 1030 1154 1087 ut
1176 1026 1246 1088 Mu-

131 1113 213 1175 tiano
236 1111 450 1174 concanonico
473 1108 657 1188 glorientur,
680 1113 716 1170 ut
739 1109 833 1170 etiam
853 1131 900 1170 me
918 1108 1043 1189 longius
1066 1111 1177 1174 abesse
1193 1134 1246 1175 cu·
1289 1112 1294 1127 ’

134 1199 223 1278 piant.
269 1197 329 1259 Sed
355 1196 454 1258 velint
477 1195 589 1263 nolint,
614 1194 759 1255 indoctos
782 1194 886 1256 odisse
911 1196 970 1257 uisi
994 1201 1118 1258 tantum
1142 1219 1247 1261 amore

136 1285 224 1362 pacis,
247 1284 356 1346 doctos
371 1304 477 1344 amare
495 1303 656 1361 nunqnam
674 1280 825 1342 desinam.
872 1280 954 1357 Vale,
971 1282 1132 1344 carissime
1149 1290 1246 1364 pater,

137 1371 193 1432 imo
215 1372 317 1449 irater,
340 1371 404 1431 imo
427 1374 516 1448 pater
540 1376 571 1428 et
595 1368 698 1428 frater.
747 1365 820 1427 Vale
842 1371 873 1430 et
897 1368 990 1430 salve.
1036 1369 1084 1430 Ex
1108 1368 1223 1435 Gotho.

278 1471 337 1523 Cod.
358 1468 423 1520 ires.
442 1470 483 1520 41.

144 1622 244 1692 (oolla)
661 1607 709 1670 18.
1077 1622 1143 1691 (rur
1162 1624 1247 1692 nos.)

473 1734 618 1805 lintion
641 1755 687 1804 an
711 1733 893 1820 Spalatin.

231 1864 429 1925 (Gldelrcunseb
446 1881 498 1917 aar
517 1863 678 1931 Amtellrurp.
715 1862 798 1931 Alerqr
816 1862 878 1915 rue
895 1862 943 1914 den
960 1861 1150 1930 Melitenses.)

356 1979 488 2029 Erudito
507 1980 640 2039 Georglo
659 1978 821 2038 spalatino
840 1978 883 2027 M.
903 1976 1012 2026 Rufus.

234 2089 262 2154 Si
293 2091 390 2160 vales.
424 2090 501 2153 bene
525 2095 590 2165 est3
614 2111 672 2152 nos
695 2095 725 2152 et
749 2088 852 2151 omnis
881 2087 1000 2150 familia
1028 2087 1088 2150 diis
1111 2088 1249 2170 benigne

153 2172 311 2239 uitantibus
327 2178 478 2239 valemus.
525 2175 625 2256 Saepe
648 2181 679 2237 et
702 2175 835 2237 multum
860 2175 977 2253 rogavi,
1001 2175 1169 2256 postulari,
1193 2176 1248 2238 tla-

153 2259 240 2337 gitevi.
262 2271 449 2344 tamquam⁰
472 2264 504 2324 in
528 2267 560 2324 te
583 2283 646 2323 nno
670 2263 753 2324 ritae
777 2283 864 2323 meae
888 2282 978 2341 prora
995 2269 1026 2322 et
1043 2262 1156 2342 puppis
1173 2282 1248 2325 con·

154 2347 259 2411 sisteret.
303 2349 395 2411 Volui
429 2350 512 2411 enim
545 2354 586 2423 te,
618 2369 710 2427 qoem
743 2347 869 2428 penitus
901 2368 1019 2420 noram,
1048 2369 1086 2409 ex
1112 2347 1193 2412 bello
1216 2355 1248 2410 et

156 2451 236 2511 pugna
263 2435 540 2498 bellacissimorum
565 2436 596 2496 in
620 2435 719 2496 otium
749 2433 911 2496 traducere
936 2434 983 2495 nti
1007 2432 1166 2496 hominem
1192 2435 1249 2497 mi-

158 2516 220 2581 nime
239 2522 427 2585 bellicosum.
476 2520 702 2595 Animadverti,
730 2526 884 2601 quantum
909 2518 1079 2582 abhorreas
1102 2542 1119 2581 a
1143 2541 1249 2601 pugna

155 2603 202 2664 ista
219 2606 335 2679 forensi,
360 2611 514 2687 quantum
538 2628 556 2668 a
580 2605 744 2668 fraudibus
768 2612 799 2668 et
825 2605 955 2668 malitia.
996 2606 1153 2687 Perspexi,
1177 2607 1248 2687 qui-

156 2687 200 2750 bus
218 2695 321 2757 studiis
344 2694 511 2755 incumbas
535 2698 566 2755 et
589 2692 675 2774 quali
699 2698 729 2753 te
753 2692 880 2771 ingenio
905 2692 1030 2755 donarit
1060 2692 1248 2755 immortalis

156 2773 221 2839 deus.
260 2779 320 2843 Sed
345 2780 448 2842 adhuc
472 2779 516 2841 ita
540 2783 629 2840 erant
653 2779 781 2854 ineerta,
812 2799 893 2858 quae.
918 2777 1009 2839 nobis
1035 2776 1179 2841 Urbanus
1201 2779 1249 2841 in-

153 2860 275 2938 sinuarit,
297 2871 334 2928 ut
357 2866 448 2945 qnasi
471 2866 648 2946 suspicarer
666 2885 714 2926 me
730 2884 854 2946 operam
875 2863 1057 2944 perdidisse.
1103 2863 1247 2928 Sabbato

154 2968 208 3011 mro
227 2953 375 3031 proximo,
400 2952 483 3031 quod
509 2971 603 3030 penes
627 2950 775 3012 abbatem
801 2954 876 3024 erat,
896 2954 1019 3012 creatus
1043 2971 1075 3011 es
1098 2952 1249 3031 magister

155 3035 307 3100 sodalitatis
331 3037 562 3099 Bernardiauae
586 3037 633 3099 vel
659 3037 764 3116 potius
789 3040 970 3116 praeceptor
1001 3036 1103 3099 derasi
1133 3038 1248 3117 gregis

155 3141 229 3199 quum
252 3125 301 3187 ille
325 3124 441 3186 rectius
466 3123 608 3204 magistri
625 3122 752 3184 nomine
767 3128 941 3199 censeatur,
959 3123 1012 3203 qui
1029 3129 1154 3202 praeest
1174 3144 1249 3186 con-

154 3212 306 3287 negationi
329 3210 400 3292 plus
424 3210 535 3271 ceteris
558 3215 681 3289 potens,
699 3210 764 3270 sive
781 3209 925 3271 cellarius
941 3208 1006 3270 sive
1023 3209 1161 3271 decanus
1184 3210 1249 3272 sive

154 3292 240 3360 abbas.
284 3297 481 3375 Quamquam
506 3300 538 3356 et
562 3295 763 3375 paedagogus
787 3295 882 3356 iatine
906 3295 1056 3375 magister
1078 3295 1202 3357 dicatur
1218 3302 1248 3358 et

152 3381 282 3456 professor
306 3382 481 3445 liberalium
512 3384 637 3443 artium.
685 3381 832 3460 Alioquin
863 3380 983 3443 Gellius
1010 3381 1248 3444 amantissimus

152 3462 253 3545 iiugirae
283 3490 430 3531 romanae
457 3489 516 3530 uon
541 3469 586 3529 ita
610 3466 776 3529 scriberet:
812 3465 932 3548 „Quum
963 3467 1047 3546 apud
1080 3467 1247 3548 magistros

153 3553 261 3617 Athenis
290 3553 475 3617 essemus.“¹
522 3553 670 3616 Gratulor
700 3573 773 3633 ergo
804 3552 863 3615 tibi
888 3559 917 3614 et
941 3553 1018 3614 mibi
1041 3556 1073 3614 et
1096 3553 1194 3616 Musis
1217 3559 1249 3617 et

152 3632 245 3702 Restm
266 3639 514 3720 Tranquillitati,
538 3661 618 3720 quae
642 3638 708 3700 sola
732 3660 843 3701 sanare
867 3644 972 3718 potest
994 3639 1090 3701 animi
1108 3640 1247 3713 vulnera,

152 3741 248 3800 querca
272 3728 386 3788 Stoicis
411 3725 487 3788 meis
509 3725 610 3787 morbi
645 3725 843 3805 appellantur
867 3729 898 3787 et
923 3723 1003 3786 mala
1039 3726 1162 3787 mentis
1209 3725 1249 3789 lit.

152 3817 209 3873 sunt
228 3835 256 3874 re
279 3835 358 3874 vera.
406 3809 567 3892 Siquidem
593 3832 689 3890 quum
709 3811 826 3873 avulsis
844 3811 990 3873 vitiorum
1008 3810 1160 3892 stirpibus
1176 3833 1247 3875 cum

152 3911 200 3957 uua
213 3898 424 3980 indignatione
438 3909 452 3935 ⁸
475 3902 507 3958 et
523 3898 784 3960 excandescentia
803 3897 917 3960 bellum
934 3918 1039 3976 geram
1058 3898 1247 3960 intestinum

153 3980 221 4059 (quia
243 4009 286 4046 me
310 3985 501 4067 perditorum
530 3983 745 4046 malivolentia
768 3987 799 4044 et
822 3983 1012 4046 obtrectatio
1044 3982 1179 4047 subinde
1202 3985 1248 4047 la·

153 4069 226 4130 cessit
240 4081 269 4132 et
285 4071 410 4146 irritat),
434 4070 559 4149 quoties
581 4069 709 4131 titulum
732 4067 862 4148 jannae²
887 4070 1021 4137 intueor,
1043 4071 1159 4132 sensim
1177 4094 1249 4133 eua-

154 4157 232 4218 nescit
252 4156 453 4219 conturbatio
470 4166 483 4192 ²
506 4156 607 4217 instar
632 4155 764 4217 nebulae
788 4161 857 4236 post
881 4160 984 4217 ortum
1007 4156 1092 4223 solis.
1110 4160 1143 4219 ut
1161 4164 1247 4220 tran-

153 4240 316 4316 quillitatem
341 4242 439 4304 animi
465 4242 567 4322 pictae
590 4239 826 4321 Tranquillitati
851 4241 992 4319 debeam,
1009 4264 1090 4322 quae
1107 4245 1155 4305 sui
1172 4265 1248 4307 cou-

152 4327 278 4409 teuplatu
303 4328 523 4412 philosophiae
546 4333 725 4389 commonet
748 4333 779 4388 et
802 4349 928 4389 securos
953 4348 1008 4391 nos
1033 4328 1117 4392 iacit.
1158 4329 1249 4410 Piget

152 4425 327 4441 ‘'Qua-...-

201 4464 247 4516 eei
262 4470 294 4516 et.
313 4465 341 4518 ti.
413 4466 426 4502 b
442 4462 570 4514 debebunt
590 4461 663 4512 Terra.
734 4466 893 4530 ctanquam.

203 4533 244 4601 [l.
262 4534 284 4586 2.
355 4531 477 4584 ²aBeata
503 4530 706 4598 Tranquillitas.
741 4531 774 4583 So
798 4531 858 4583 sehr
881 4532 968 4597 biiuiip
993 4548 1039 4583 zur
1063 4531 1249 4602 Bezeiehnung

147 4597 214 4654 eires
231 4601 347 4657 Weseus.
997 4669 1044 4736 2*
