2774 4966
556 599 660 665 llutian
678 625 712 662 an
731 604 830 663 Urban.
1212 603 1252 673 13

125 786 202 866 qnia
223 783 374 866 conjungi
398 789 551 859 extrema,
575 788 611 847 ut
634 782 813 867 philosophi
837 781 960 856 docent,
984 774 1050 843 sine
1067 780 1170 844 modio
1187 802 1250 843 non

125 877 269 955 possunt.
318 873 359 932 ar.
382 869 481 933 dices:
517 867 646 949 „Tuam
673 868 824 945 Matiane,
848 866 1098 930 benevolentiam
1130 868 1250 947 magni-

126 959 281 1027 lac-imus:
317 979 388 1020 nam
414 963 446 1019 et
468 956 599 1019 utilitati
638 956 729 1019 nobis
759 957 828 1025 eris,
861 954 975 1016 nedum
1006 959 1201 1029 ornamento,
1225 955 1251 1016 si

127 1044 208 1106 dnos
229 1042 343 1106 fratres
365 1042 439 1105 olim
465 1047 546 1113 tuos,
571 1043 787 1122 coquinarium
813 1046 843 1102 et
867 1038 1109 1115 cancellariurn,'
1134 1040 1250 1102 imitari

131 1129 297 1192 uolneris.“
346 1127 471 1191 Urbane.
496 1129 665 1203 carissime,
690 1128 771 1190 hanc
788 1129 826 1190 de
844 1148 891 1188 me
907 1126 1086 1206 opinionem
1111 1124 1251 1207 deponas

127 1215 269 1279 obsecro.
318 1214 411 1277 llliud
436 1220 483 1277 est
505 1235 607 1276 meum
626 1215 833 1295 propositum,
850 1211 933 1274 aliud
951 1216 1018 1273 erat
1032 1232 1250 1292 germanorum

127 1302 322 1364 institutum.
370 1301 409 1362 Ηί
442 1301 569 1378 regibus
598 1308 627 1361 et
658 1300 763 1361 curiae
791 1307 822 1363 et
850 1297 969 1378 gloriae
992 1303 1022 1360 et
1045 1297 1158 1379 opibus
1186 1319 1250 1359 ser-

131 1390 257 1450 vierunt
291 1392 321 1448 et
358 1387 492 1448 assecuti
529 1392 603 1448 sunt
638 1386 719 1467 apud
756 1386 900 1449 indoctos
938 1405 1086 1462 magnum
1128 1405 1249 1446 nomen.

125 1474 236 1554 Neque
261 1472 330 1533 ideo
355 1472 514 1554 culpandi.
546 1473 622 1552 quin
653 1472 801 1535 laudandi
834 1471 947 1552 potius,
977 1470 1157 1553 quiaalter
1187 1471 1253 1532 suis

128 1561 237 1622 liberis
273 1560 440 1621 honestum
477 1560 700 1639 patrimonium
740 1556 972 1638 parare-alter
1004 1556 1066 1617 sibi
1099 1562 1131 1617 et
1161 1556 1252 1618 nobie

127 1645 286 1728 prodesse,
312 1652 443 1724 uterque
466 1643 616 1706 familiam
642 1644 812 1706 lllutiorum
835 1643 993 1706 illustrare
1021 1640 1129 1704 voluit.
1175 1640 1253 1704 Mihi

129 1753 203 1794 vero
228 1752 290 1793 non
315 1753 350 1793 ea
374 1751 462 1792 mens
485 1736 541 1792 est.
587 1729 775 1792 Ceciderunt
792 1751 901 1793 omnes
919 1729 1009 1790 Mutii
1026 1727 1093 1791 solo
1109 1726 1252 1791 Mutiann

128 1818 310 1899 superstite.
356 1816 466 1898 ltaque
490 1815 669 1897 popularem
688 1816 818 1896 gloriam
844 1821 875 1878 et
898 1815 1026 1877 divitias
1050 1835 1112 1875 non
1137 1835 1253 1894 quaero

132 1909 304 1967 contentus
328 1923 433 1984 parvo
480 1902 514 1965 si
537 1902 595 1964 tibi
613 1923 648 1964 ac
664 1903 729 1964 tuis
746 1902 898 1965 bonarum
923 1901 1253 1963 artium'ornamentis

130 1991 201 2053 naui
225 2010 352 2072 possam
378 2010 456 2063 esse,
480 1988 558 2051 nihil
581 1989 698 2051 frustra
730 1989 864 2068 rogabis.
910 1986 966 2050 Sin
997 1992 1102 2049 autern
1132 2009 1168 2049 ea
1197 1988 1253 2049 fla-

133 2078 226 2157 gitas,
251 2097 331 2157 quae
356 2075 468 2155 vulgus
491 2076 521 2137 in
546 2073 690 2155 gloriosis
714 2075 896 2138 doctoribus
913 2073 1098 2145 admiratur,
1115 2073 1253 2154 profecto

132 2162 260 2225 aberras
283 2184 302 2223 a
326 2161 403 2224 meis
434 2161 581 2223 moribus.
628 2160 696 2224 lllea
728 2162 881 2242 siquidem
913 2161 979 2223 vita
1007 2160 1038 2221 in
1064 2159 1190 2240 pirantis
1223 2171 1253 2222 et

133 2249 344 2311 doctrinarum
370 2247 464 2310 otio*
487 2248 689 2327 conquiescit..
735 2247 779 2310 De
796 2247 853 2310 deo
870 2247 1052 2326 sanctisque
1076 2246 1151 2308 viris
1169 2252 1200 2307 et
1216 2246 1253 2308 de

135 2335 343 2416 cognitione·
367 2334 465 2397 totius
480 2344 493 2371 ⁸
516 2335 719 2415 antiquitatis
736 2338 876 2396 nostrum
894 2339 942 2397 est
958 2332 1113 2410 studium,
1134 2352 1170 2395 eo
1185 2333 1254 2412 ipso

136 2422 162 2483 si
192 2420 358 2489 delectare,
392 2419 529 2482 delector
558 2427 589 2480 et
620 2419 751 2499 gaudeo.
775 2481 777 2486 ,
798 2419 830 2482 Si
865 2420 955 2483 aliter
988 2418 1087 2480 sentis
1123 2417 1160 2479 de
1193 2441 1251 2494 rne,

138 2528 262 2587 prorsus
285 2505 413 2569 falleris.
460 2507 520 2568 Sed
545 2527 599 2568 cur
623 2527 729 2587 nuper,
747 2507 820 2569 dum
837 2529 899 2570 aaa
918 2527 1065 2580 essemus,
1084 2504 1255 2585 irreligiose

139 2593 305 2675 loquebar?
352 2591 393 2653 Mi
419 2590 555 2657 Urbane.
579 2614 648 2654 cum
672 2592 782 2654 amicis
812 2592 945 2656 libenter
972 2591 1017 2653 sic
1045 2591 1130 2653 ludo,
1177 2590 1254 2654 Poe-

142 2678 217 2742 nitet
241 2677 449 2741 nihilominus
473 2701 520 2740 me
543 2679 634 2740 istius
657 2679 889 2759 garrulationis,
913 2678 1097 2759 praesertim
1114 2698 1183 2739 cum
1204 2699 1254 2739 as·

142 2765 252 2827 sederit
269 2761 361 2827 nobis
377 2765 506 2844 ignotus
524 2764 598 2827 milri
615 2765 717 2826 scriba
740 2769 823 2827 tuus
871 2766 992 2829 Scimus
1009 2766 1090 2826 euim
1108 2765 1257 2843 mysteria

148 2872 204 2913 non
227 2873 294 2913 esse
320 2849 489 2930 vulganda,
512 2850 565 2912 sed
589 2872 657 2913 esse
681 2850 727 2912 vel
751 2851 972 2932 supprimenda
997 2850 1123 2913 silentio
1140 2850 1186 2912 rel
1204 2873 1257 2932 per

145 2938 289 3017 quaedam
328 2936 503 2998 l'abnlarnrn
536 2942 632 3017 atque
661 2937 874 3017 aenigmatum
905 2937 1065 3000 involucra
1095 2936 1256 3013 tradenda,

148 3045 181 3083 ne
201 3024 312 3086 suibus
336 3023 446 3085 demus
469 3023 663 3102 margaritas.
711 3023 759 3086 Ob
783 3024 814 3086 id
837 3025 988 3105 magister
1012 3024 1094 3085 vitae
1111 3020 1258 3086 Christus

150 3109 215 3172 nihil
243 3111 362 3191 scripto
391 3109 525 3188 reliquit.
573 3108 611 3169 Et
635 3110 687 3190 qui
712 3110 904 3190 scripserunt
933 3109 1094 3173 historiam
1124 3130 1258 3189 evange—

150 3193 241 3265 licam,
275 3197 324 3258 usi
357 3202 432 3258 sunt
460 3193 567 3256 multis
602 3195 819 3276 parabolarum
855 3196 1089 3278 integumentis
1136 3194 1257 3271 Verum,

152 3287 180 3342 ul
200 3288 284 3362 puto,
317 3280 393 3343 nihil
424 3287 490 3344 tum
520 3281 649 3351 dictum,
679 3282 761 3363 quod
794 3285 912 3364 peccati
945 3282 1051 3362 magni
1084 3282 1256 3345 labeculam

156 3366 266 3430 habeat.
312 3366 392 3430 Nam
409 3388 529 3447 semper
552 3368 683 3446 respicio
700 3369 738 3430 ad
757 3370 883 3431 verbum
908 3369 983 3432 illud
1008 3368 1256 3451 psalmographi:

158 3452 199 3518 ‚la
222 3462 290 3516 toln
314 3453 406 3515 corde
430 3475 497 3515 meo
525 3454 675 3515 abscondi
712 3454 835 3535 eloquia
870 3465 934 3531 tua,
969 3463 1004 3518 ut
1038 3478 1099 3517 non
1134 3477 1256 3535 peccem

155 3538 246 3601 libi.“²
290 3539 475 3604 Theodotus
509 3541 642 3620 scriptur
672 3541 904 3620 tragoediarum
936 3565 1005 3605 cum
1040 3541 1191 3604 nonnulla
1220 3563 1259 3603 ex

159 3627 299 3705 mysteriis
333 3625 467 3707 judaicis
502 3627 540 3688 ad
574 3626 712 3688 fabulam
752 3627 910 3707 quandam
949 3628 1118 3691 transferre
1156 3627 1260 3702 vellet,

160 3717 254 3791 captus
277 3719 327 3775 est
350 3712 457 3775 oculis
507 3712 596 3774 ausit
628 3733 711 3792 ergo,
741 3722 775 3775 ut
804 3714 973 3796 profanisb
1000 3713 1131 3777 auribus
1160 3735 1259 3777 enun-

160 3796 284 3883 tiemus*
307 3823 352 3863 ea.
372 3820 453 3879 quac
470 3819 531 3862 nou
550 3798 620 3860 licet
638 3806 791 3861 auctorec
815 3799 912 3864 Paulo
930 3800 1047 3864 homini
1066 3800 1160 3883 loqui.
1195 3801 1260 3862 lloc

162 3882 277 3947 tortasse
301 3886 447 3967 majorem
485 3884 578 3947 babet
608 3885 741 3965 culpam.
775 3887 857 3968 quod
886 3888 1076 3969 tamquam‘l
1099 3891 1262 3950 immemor

162 3974 265 4054 accepti
290 3973 428 4035 muueris
453 3993 513 4034 non
538 3972 588 4050 egi
604 3972 722 4050 gratias
747 3970 873 4034 [Trbauo
891 3996 967 4036 miro.
1014 3974 1164 4038 Peccasse
1188 3996 1261 4036 con-

160 4157 244 4169 ,ωε-.-
249 4165 257 4169 .
264 4165 297 4170 --.

214 4281 263 4332 ⁸ci
280 4284 311 4333 el,
332 4279 359 4334 li.
431 4280 604 4348 bproplranis.
676 4285 798 4334 cautae.
870 4282 1031 4349 ‹ltanquarn

216 4370 222 4397 ¹
242 4366 297 4419 l'on
325 4367 439 4420 llutians
464 4367 589 4422 Briidern.
615 4368 673 4418 deur
699 4367 875 4420 hlainzisclreu
895 4368 1113 4420 Kiiclrcnrnoister
1131 4368 1156 4420 in
1175 4368 1263 4421 Erlurt

157 4434 201 4486 aad
218 4436 275 4488 dem
296 4435 454 4489 Hcsaisclren
474 4435 595 4490 flander.
615 4435 688 4487 beidc
708 4437 755 4488 nrit
775 4437 919 4490 l'ornmncn
938 4437 1077 4500 lohannes,
1101 4439 1171 4490 starb
1190 4433 1264 4505 jener

158 4502 214 4557 leue
239 4505 303 4558 oder
332 4508 405 4565 1495,
432 4506 518 4557 dieser
537 4507 571 4557 im
593 4508 656 4569 Aug.
683 4506 755 4559 1:304,
779 4506 897 4558 uuriiber
914 4522 946 4557 zu
967 4506 1017 4569 rgl.
1042 4508 1083 4559 die
1107 4507 1262 4571 Einleitung.

155 4570 211 4625 lclnc
229 4575 336 4626 weltere
355 4576 498 4627 riilrmcudc
517 4574 681 4642 lhu'iilrnuag
701 4576 724 4626 'nr
746 4574 784 4626 [ἓν.
806 4577 846 4631 ζ’ῖ.
865 4578 910 4626 dar
929 4576 962 4625 im
983 4578 1043 4628 t'od.
1063 4579 1107 4629 aul
1123 4578 1214 4645 abigea
1227 4579 1265 4628 als

153 4640 193 4697 h'r.
210 4643 227 4696 2
244 4644 314 4712 ῐοΙςῖ,
386 4644 456 4698 ²Ps.
477 4645 533 4708 rra,
554 4647 592 4697 ll.
