2774 4966
172 583 234 653 432
586 568 673 644 Brieie
691 566 737 645 (lea
754 590 779 647 J.
799 578 872 647 1514'.

75 822 79 829 .
168 762 247 840 est“,
281 761 394 843 inquit,
427 761 500 841 „sed
532 761 578 825 ita
599 765 632 825 et
653 758 726 827 icat
776 761 904 843 „Hem“,
937 763 1078 847 inquam,
1113 763 1284 847 „tegitue⁸

170 849 264 914 braca
297 846 442 912 coleos?“
490 845 629 912 Subrisit
661 847 807 930 dixitque
841 872 905 912 una
936 870 1007 915 cum
1040 849 1173 915 Hercule
1207 870 1286 915 ven·

168 940 273 1001 turum
309 932 540 997 osimundumst
591 932 678 1015 „Non
717 956 796 1017 opus
832 935 911 1010 est“,
943 937 1083 1019 inquam.
1133 935 1290 1019 ¹,Pugnax

170 1027 238 1086 erat
257 1020 416 1097 Hercules,
440 1041 502 1083 non
527 1019 654 1084 bibax.“
702 1020 765 1084 Sed
783 1020 878 1098 aliud,
894 1020 1029 1098 Urbane,
1052 1022 1158 1086 timeo.
1198 1020 1290 1086 Nuu-

168 1128 262 1190 quam
287 1105 372 1169 volui
395 1104 574 1181 emendare,
595 1107 680 1188 quod
703 1105 831 1187 collegit
859 1106 1059 1171 Herebordua
1093 1104 1288 1186 consilinm,²

169 1199 202 1256 et
224 1213 308 1257 nuuc
331 1197 493 1271 suspectos
516 1213 584 1253 esse
617 1193 682 1255 scio
712 1213 782 1255 cum
810 1190 957 1256 Cotione⁸
987 1213 1070 1256 suos.
1115 1190 1151 1257 Si
1180 1198 1287 1257 tamen

170 1278 268 1342 babes
292 1276 467 1352 Herculem,
492 1277 589 1339 mitte.
636 1277 724 1340 Dabo
747 1276 897 1341 Botmum
921 1279 1049 1360 aurigae
1070 1277 1135 1343 filio
1151 1277 1289 1343 unoculo

171 1360 812 1529 tttltltittt'tttttti,
829 1362 1147 1530 {Ltltttttt
1163 1369 1287 1513 titt·

170 1536 226 1599 sed
249 1541 325 1617 puto
349 1555 397 1597 me
422 1542 496 1596 nutu
520 1534 669 1615 majorem
693 1542 724 1598 et
748 1554 888 1597 canesco,
935 1535 996 1599 Sed
1020 1534 1072 1598 ille
1095 1498 1143 1599 md
1165 1541 1287 1618 patrem

170 1622 257 1685 lacit.
301 1620 370 1684 Non
399 1618 472 1683 feru.
519 1617 682 1683 Succurrit
720 1619 797 1683 illud
826 1619 916 1682 Bruti
947 1620 1135 1703 philosophi,
1166 1621 1221 1704 qni
1251 1642 1289 1685 ea

169 1708 252 1771 dixit
291 1727 372 1786 quae
411 1705 519 1776 sensit,
554 1710 663 1788 utpote
697 1706 854 1788 perfectus
888 1704 1024 1769 Stoicus.
1079 1706 1166 1771 Licet
1202 1707 1287 1770 enim

172 1798 291 1876 patrem
315 1790 451 1872 appellet
473 1790 624 1856 Octavius
654 1789 845 1867 Ciceronem,
875 1791 988 1855 referat
1017 1793 1134 1869 omnia,
1168 1792 1286 1869 laudet,

170 1879 292 1961 gratias
322 1879 405 1958 agat,
433 1883 537 1939 tamen
566 1877 643 1941 illud
673 1878 846 1961 apparebit,
876 1877 970 1940 verba
997 1877 1089 1941 rebus
1120 1899 1188 1942 esse
1211 1898 1286 1941 con·

170 1965 276 2028 traria.
321 1963 396 2025 ldeo
419 1962 495 2039 dixi,
520 1963 561 2025 mi
585 1962 720 2035 Urbane,
745 1985 806 2026 uon
829 1984 886 2026 uos
902 1963 971 2027 istis
987 1964 1111 2027 credere
1133 1969 1284 2045 oportere.

172 2051 323 2132 Magister
356 2046 600 2128 carspaeuusb‘
630 2069 685 2131 per
717 2070 846 2130 puerum
878 2049 1074 2131 interpellat3
1102 2069 1176 2131 ergo
1208 2049 1285 2124 vale,

169 2137 242 2199 vive
272 2155 384 2214 meque
411 2132 516 2214 diligo.
562 2133 707 2197 Publium
733 2142 765 2197 et.
787 2133 976 2198 Vulcanum·
1009 2135 1286 2199 innocentissimos

171 2243 260 2287 caros
282 2218 415 2283 habebo.
461 2218 535 2283 Vale
558 2220 679 2283 iterum.

321 2320 382 2375 Cod.
401 2319 466 2374 Frct.
485 2321 543 2374 371.

169 2494 283 2564 (oona)
687 2477 758 2540 3622.
1003 2491 1061 2557 (vor
1077 2493 1100 2543 r.
1118 2491 1181 2544 Junr
1200 2492 1284 2561 1514.)

539 2603 681 2673 Mutien
704 2623 751 2673 en
778 2602 914 2673 Urbau.

171 2733 379 2801 (semirutarum
396 2733 439 2785 (tes
457 2732 639 2785 Damusccuus
656 2750 678 2784 τ.
696 2732 752 2784 Jaa
771 2730 861 2794 Fobcr,
880 2731 1060 2801 Bcsprecbunq
1080 2733 1164 2784 amnes
1182 2730 1285 2783 Aresto-

172 2803 237 2859 tclea
262 2803 307 2854 der
330 2802 418 2868 Briet'c
435 2801 478 2853 ilas
495 2801 598 2853 Paulus
620 2801 677 2853 rand
692 2801 736 2853 des
753 2800 922 2853 Psdtcriurn.
958 2800 1033 2853 Aricia
1055 2800 1097 2852 des
1125 2799 1285 2853 oticutoms

548 2869 731 2923 Damuscmucs
748 2870 908 2935 tamum.)

264 2986 390 3036 Urbano
409 2985 457 3036 do.
475 2984 606 3043 erudito,
624 2986 691 3034 viro
708 2985 799 3034 unica
816 2983 915 3035 doctis
932 2984 1072 3034 omnibus
1089 2986 1191 3034 amato

630 3067 684 3136 (Μ.
702 3067 821 3136 Rufus).

273 3182 376 3261 Salve,
413 3203 552 3247 meorum
591 3183 722 3264 signifer
759 3181 892 3256 Urbane,
930 3203 1055 3264 praeses
1092 3180 1285 3244 oeconomici

171 3271 385 3352 magistratus
451 3269 617 3351 Aspectavi
661 3287 724 3333 non
769 3270 835 3332 sine
879 3268 1086 3332 admiratione
1130 3267 1283 3330 nitentem

170 3357 314 3422 habitum
347 3356 395 3420 Jo.
431 3354 626 3433 Damasceni,
659 3376 752 3435 quem
786 3355 879 3418 homo
916 3353 1026 3418 Gallus
1065 3353 1152 3416 dedit
1188 3358 1285 3417 exuto

171 3443 350 3507 tabernario
384 3441 512 3513 amictu,
543 3461 604 3523 quo
634 3445 708 3504 ante
738 3441 872 3504 vestitus
896 3444 962 3504 erat
983 3462 1001 3503 a
1025 3437 1191 3503 barbaris.⁷
1236 3438 1285 3502 lta

171 3533 275 3593 autem
311 3526 476 3609 magnifice
510 3524 712 3610 poerrulatus⁸
736 3526 866 3603 videtur,
890 3532 927 3590 ut
948 3548 1016 3590 eum
1040 3526 1199 3608 poenitere
1222 3546 1283 3589 uon

172 3615 284 3679 debeat
319 3620 456 3677 mutasse
489 3619 565 3694 toga
596 3612 734 3694 pallium.
780 3612 898 3677 Usurao
931 3612 1016 3689 mibi,
1039 3633 1117 3693 quas
1147 3611 1214 3692 cepi
1247 3634 1284 3673 ex

172 3700 233 3764 hoc
254 3702 379 3765 literato
403 3698 539 3775 foenore,
561 3698 777 3763 incredibilem
802 3699 993 3781 voluptatem
1012 3696 1154 3760 attulere.
1193 3696 1284 3760 Vide-

172 3787 247 3851 bam
280 3786 427 3855 enimin
461 3785 520 3848 hoc
554 3806 665 3866 graeco
700 3785 881 3866 paedagogo
916 3783 1100 3857 modestam,
1135 3782 1283 3859 sobriam,

173 3873 292 3949 utilem,
330 3871 485 3936 salubrem
520 3875 552 3934 et
586 3875 706 3935 castam
739 3871 957 3946 eruditionem,
991 3891 1070 3950 quae
1104 3869 1285 3932 christianis

240 4011 332 4079 etegit
350 4024 389 4061 uc.
458 4004 658 4126 blbspuccbus.

245 4078 295 4131 ¹S.
313 4078 361 4130 431
382 4079 412 4128 A.
431 4077 454 4127 3.
508 4076 518 4105 ²
548 4076 588 4127 las
606 4074 751 4127 Grituchtcn
771 4074 805 4125 im
825 4073 947 4141 dultinge
965 4072 1011 4124 dci·
1027 4071 1102 4125 Studt
1124 4071 1211 4125 Ertrrrt
1223 4074 1288 4127 iiber

174 4148 216 4200 dic
234 4150 314 4200 tliitor
332 4147 378 4198 der
394 4143 543 4196 Exilicrteu.
579 4142 621 4194 Br.
640 4142 697 4196 292.
767 4141 963 4209 ³Siiuuneriug.
999 4141 1048 4193 Dic
1065 4140 1181 4194 blaiuzcr
1200 4142 1284 4195 I'artci

174 4217 246 4269 batte
263 4233 295 4269 an
314 4215 456 4268 Vertraucu
474 4211 598 4265 verlorcu.
635 4212 750 4265 ltoshulb
768 4210 821 4263 will
839 4210 938 4263 Mutiau
956 4210 1005 4262 mit
1022 4212 1081 4263 dom
1100 4210 1219 4263 Cotiaucr
1237 4212 1284 4264 Os-

174 4287 254 4338 muud
274 4285 358 4337 nichts
378 4300 410 4334 au
428 4283 493 4334 tbuu
510 4282 601 4333 haben.
637 4279 761 4333 »Posthac
779 4279 845 4331 nihil
862 4279 973 4332 scribam
998 4279 1113 4333 Cottonis
1131 4284 1157 4331 et
1175 4281 1284 4333 tbtioui.

172 4352 241 4406 Male
259 4354 381 4415 audiunt3
400 4366 493 4403 temno
511 4366 543 4402 au
561 4349 633 4406 falso.
651 4350 720 4402 tama
737 4348 1041 4415 tarncncospmditoriau
1054 4347 1286 4402 urcntisacousat.«

173 4421 233 4475 Vor.
261 4422 302 4477 ilr.
372 4420 496 4472 ⁴lrcbrcr·
522 4419 548 4471 in
575 4417 754 4486 Georgentlral.
789 4417 814 4470 S.
833 4417 884 4469 418
909 4420 996 4477 1.,11,
1066 4417 1186 4470 58251
1213 4424 1241 4470 rt.
1260 4421 1285 4471 8.

174 4489 210 4542 Er
226 4492 312 4545 u'olltc
331 4490 370 4543 boi
391 4488 509 4554 Agricola
526 4486 673 4554 curptoblcu
691 4487 753 4540 seiu.
793 4486 848 4554 l'gl.
868 4486 909 4537 die
927 4492 1029 4554 spiitcrn
1048 4486 1089 4539 Br.
1107 4485 1165 4540 380.
1184 4488 1241 4539 litii.

207 4560 218 4591 ⁶
235 4561 370 4614 Vulcanus
389 4558 496 4610 ltrusus.
532 4558 557 4611 S.
574 4556 624 4607 ts:
644 4559 673 4607 Α.
690 4558 715 4607 4.
769 4554 849 4609 ²Jac.
868 4554 950 4607 Faber
967 4555 1136 4623 stapulensis,
1148 4554 1286 4623 'theologia

174 4625 337 4682 Daruasccni.
376 4626 431 4679 l’ar.
453 4626 524 4680 1501.
596 4622 690 4677 “suu
708 4623 862 4691 paenulatus
879 4638 969 4691 wagan
986 4625 1032 4677 des
1050 4624 1212 4691 Wortspiels.
