2774 4966
521 625 628 681 Mation
646 641 681 680 au
699 625 828 681 Herbord.
1174 627 1236 692 195

123 815 212 861 errare
233 818 281 863 me
302 800 408 880 putas,
439 801 607 880 propterea
629 799 714 879 quod
736 803 768 861 te
791 797 982 862 accusabam
1007 797 1239 864 taciturnitatis

127 885 154 942 et
173 883 338 965 superbiae,
361 890 430 946 tum
454 883 514 950 tibi
531 886 698 959 assentiar,
715 905 811 963 quum
829 884 930 965 magis
947 883 1091 946 idoneam
1109 906 1237 947 causam

129 966 289 1031 reddideris.
337 967 479 1032 Excuses
496 971 636 1031 animum
655 968 874 1049 perturbatum
891 974 923 1031 et
943 970 1010 1031 sine
1027 970 1089 1031 fine
1105 972 1236 1032 anxium

133 1055 160 1110 et
189 1074 365 1135 suspensum
401 1055 439 1115 de
472 1053 585 1126 salute,
624 1056 829 1127 incremento,
864 1055 1074 1135 amplitudine
1107 1055 1237 1135 patriae.

135 1131 206 1199 beto.
245 1137 304 1202 Sed
328 1138 504 1201 doctissimi
537 1141 664 1202 unicum
694 1139 944 1201 adversariorum
977 1138 1125 1202 solatium
1157 1143 1239 1202 teste

138 1217 228 1285 llabio¹
256 1224 363 1286 literas
391 1229 592 1306 putaverunt.
640 1224 738 1286 Nemo
770 1225 831 1286 nisi
861 1246 919 1287 sue
949 1225 1043 1304 culpa
1066 1225 1119 1285 diu
1144 1224 1238 1287 dolet.

139 1302 273 1371 Fortuitos
296 1331 388 1372 casus
411 1309 496 1372 haud
528 1331 644 1389 magno
675 1310 781 1372 animo
812 1311 968 1372 sustinere
996 1310 1153 1372 dementis
1181 1315 1237 1373 est.

141 1387 247 1457 luceant
278 1394 404 1457 factiosi
435 1391 606 1458 Scariotes²
636 1395 667 1456 in
696 1391 858 1457 'lolliano'
882 1400 913 1457 et
936 1395 1064 1458 tandem
1098 1394 1240 1475 pendant

142 1479 238 1554 peccati
256 1501 382 1561 poenas.
428 1479 493 1542 Nos
518 1479 644 1543 infimae
668 1481 762 1542 sortis
782 1479 964 1564 homunculi
984 1480 1012 1541 b.
1032 1502 1057 1542 e.
1075 1478 1237 1543 Musarum

142 1563 217 1626 sacris
230 1564 342 1628 initiati
360 1566 508 1629 cedamus
524 1565 663 1628 furiosae
681 1564 765 1646 plebi
783 1571 814 1628 ot
830 1566 976 1645 gloriosis
996 1564 1238 1629 Thrasonibus⁸

143 1639 287 1731 Utrobique
301 1650 424 1732 scopuli
440 1656 526 1714 suut,
560 1649 590 1712 Is
602 1650 726 1713 domurn
744 1651 878 1732 supinus
890 1671 1083 1731 securusque
1097 1651 1238 1731 navigat,

143 1729 184 1806 qul
207 1735 363 1818 praecipuo
400 1735 532 1819 soloque
566 1736 624 1798 deo
659 1735 757 1797 servit
789 1735 857 1798 sine
895 1736 1033 1798 crimine.
1079 1735 1147 1799 Hac
1180 1758 1239 1818 ego

143 1820 313 1892 persuasione
353 1820 448 1884 fruor.
509 1820 677 1884 Novitates
720 1820 836 1883 mando
882 1821 1014 1884 curiosis
1052 1824 1085 1883 et
1122 1821 1240 1903 quibus

142 1904 283 1969 arentibus
316 1906 530 1987 praesentium
562 1911 610 1969 est
640 1905 740 1969 carior
770 1927 865 1987 quam
898 1929 971 1969 vera
999 1906 1109 1987 gloria.
1156 1905 1239 1970 Vale.

143 1977 169 2075 Si
191 2008 254 2067 erro,
284 1991 376 2055 dabis
411 1992 534 2054 veniam
568 1991 760 2054 oscitationi.
806 1990 915 2071 Neque
945 1992 1029 2054 enim
1060 1990 1119 2053 tibi
1151 2014 1239 2074 prae-

139 2067 251 2146 judicare
278 2081 334 2139 aut
365 2077 464 2161 ferre,
486 2077 540 2139 sed
575 2077 677 2140 dicere
711 2077 902 2140 seutentiam
937 2077 1033 2139 volui.
1078 2076 1172 2150 Illud,
1203 2083 1240 2140 ut

144 2172 247 2234 augeam
268 2160 345 2224 baec
368 2163 505 2243 quadam
537 2162 724 2242 adjectione,
749 2161 834 2224 soror
858 2169 905 2225 est
928 2168 961 2224 et
983 2161 1124 2242 prolecto
1154 2161 1240 2225 furor

144 2255 250 2321 ansere,
273 2248 359 2310 nasci
382 2254 508 2310 tantum
533 2248 616 2310 viros
640 2247 806 2328 principes,
852 2247 933 2310 Nori
958 2247 1102 2310 homines
1121 2246 1240 2311 Marius

144 2328 168 2384 et
184 2323 273 2395 Cicero
304 2332 433 2396 fuerunt
454 2335 488 2396 in
513 2354 642 2395 romana
673 2333 843 2415 republica.
890 2332 989 2414 Atqui
1021 2332 1121 2395 Mario
1154 2335 1240 2414 eopi-

143 2427 209 2476 arum
234 2416 303 2481 duci
334 2419 426 2500 pauci
462 2423 695 2500 comparantur.
753 2416 898 2481 Ciceroni
932 2439 1023 2481 nemo
1057 2417 1241 2498 eloquentia

143 2502 287 2577 respondet.
332 2501 404 2567 Non
428 2503 507 2566 satis
530 2509 579 2566 est
601 2504 691 2566 nasci
714 2503 797 2566 claro
822 2503 899 2566 loc0.
946 2503 1052 2567 Virtus
1074 2502 1240 2566 illustrat.⁸

144 2575 205 2652 Quot
233 2593 316 2665 sunt,
354 2589 409 2671 qui
444 2610 483 2651 ex
521 2588 615 2651 claris
652 2588 838 2669 parentibus
876 2588 944 2652 uati
983 2589 1241 2670 degenerarunt?

143 2658 256 2737 Meliores
290 2679 398 2738 essent
435 2695 534 2754 reges,
568 2677 605 2737 ut
638 2673 745 2754 inquit
776 2673 941 2749 Isocrates,
976 2674 1002 2736 si
1037 2694 1091 2736 eos
1129 2673 1241 2737 electio

143 2745 238 2820 laceret.
284 2758 338 2822 Fit
368 2758 493 2836 Caesar,
524 2779 587 2821 non
612 2761 760 2821 nascitur.
808 2758 860 2821 Fit
889 2758 1035 2840 pontifex
1059 2780 1153 2826 max..
1177 2780 1241 2822 non

145 2841 263 2928 pascitur.
317 2845 403 2907 ldern
441 2844 544 2907 sentio
582 2844 620 2906 do
653 2844 814 2907 liudovico
848 2843 915 2906 llll.
958 2866 1030 2924 rege
1066 2843 1240 2919 Gallorum,

144 2918 203 2987 rderu
234 2929 269 2991 de
307 2928 563 3010 archiepiscopio,
603 2950 683 3009 quos
721 2934 753 2991 et
789 2952 939 3010 praeseus
975 2951 1053 2992 usus
1092 2929 1242 3010 dignatur

144 3011 265 3078 roubulo
302 3015 465 3096 principis,
500 3021 532 3077 et
566 3014 755 3095 antiquituS,
790 3020 827 3077 ut
851 3015 966 3093 legitur
997 3017 1027 3077 in
1057 3013 1241 3094 Evangelio,

144 3098 323 3164 nominabant
368 3101 526 3183 principes
570 3100 779 3171 sacerdotum,
824 3100 935 3179 quales
979 3103 1070 3162 erant
1108 3099 1242 3163 docente

144 3171 239 3269 dhristo
261 3186 370 3249 Annas
387 3194 418 3248 et
434 3184 581 3266 Caiphae,
605 3188 793 3267 procurante
815 3184 968 3248 Judaeam
985 3184 1100 3248 Pontio
1128 3183 1242 3261 Pilato,

145 3276 286 3344 luperaute
315 3270 451 3334 Tiberio.
498 3270 579 3346 Quid
603 3271 700 3352 igitur
724 3270 754 3331 iu
779 3270 870 3332 cunis
897 3271 964 3333 nati
994 3271 1151 3352 principes
1179 3271 1241 3334 sibi

146 3357 290 3433 arrogant?
346 3355 470 3438 Religio
507 3357 607 3438 praeit
645 3356 761 3436 generi.
817 3354 864 3416 Ne
898 3355 1049 3418 Italorum
1084 3354 1242 3418 Gebellini

147 3445 230 3514 repant
250 3442 282 3505 iu
311 3439 514 3504 Germaniam
539 3445 570 3503 et
593 3462 699 3504 sacros
731 3440 826 3503 veluti
859 3438 990 3503 Guelfos
1023 3440 1154 3503 licentia
1184 3463 1243 3504 sua

148 3533 269 3610 premant.
315 3525 378 3589 Sed
403 3527 480 3590 haec
503 3528 533 3588 in
558 3524 735 3608 principiisG
760 3547 821 3587 nou
846 3525 989 3588 dicerem.
1035 3527 1069 3588 ln
1088 3526 1242 3589 coenobio

148 3599 218 3669 libere
242 3612 327 3695 loqui
360 3613 409 3675 tas
431 3617 489 3675 est.
535 3611 569 3674 ln
600 3612 763 3692 principiis
794 3611 869 3689 quid
900 3611 1021 3677 deceat.
1050 3612 1156 3673 sciunt
1188 3613 1241 3691 qui

149 3689 301 3761 militarunt.
348 3697 465 3761 lterum
490 3698 558 3760 vale
581 3705 611 3759 et
636 3705 738 3759 tecum
765 3696 883 3758 habita.
927 3697 973 3758 Ex
992 3697 1098 3759 Gotlra
1115 3697 1240 3777 oppido.

149 3766 219 3840 ltili.

267 3884 327 3937 Cod.
347 3882 412 3935 Prot.
432 3881 489 3935 457.

148 4024 318 4049 χ,-

197 4135 363 4202 ¹Quiutiliau.
418 4137 596 4195 ²lsclrarioto,
620 4136 807 4202 Mitrrlruldigo
833 4135 943 4186 liolrreru
968 4134 993 4184 iu
1012 4133 1107 4185 Erturt.
1163 4135 1242 4187 ’Ge-

147 4191 226 4265 dignis,
292 4206 417 4259 ⁴Thraso
444 4207 490 4258 dor
517 4207 601 4259 Nauio
629 4207 674 4256 dos
702 4205 778 4257 ruilus
806 4204 932 4269 gloriosus
961 4202 994 4253 irn
1024 4202 1168 4255 Euuuclrcu
1196 4205 1243 4256 des

146 4259 223 4324 leram,
271 4275 348 4327 celin
367 4274 617 4341 Lioblingagodaukc
636 4276 682 4325 dor·
700 4273 880 4324 italicnisclnur
901 4270 1083 4323 llumarristcn.
1097 4271 1145 4322 dou
1161 4272 1241 4323 sebon

147 4327 241 4396 tundo
258 4342 344 4397 latini
370 4343 424 4395 uod
453 4344 536 4396 llnnto
561 4343 745 4409 arissprrclrou.
784 4341 840 4405 l'gl.
861 4341 890 4392 i..
910 4340 1039 4403 (loigcr.
1069 4338 1242 4391 ltouaiasuurc

146 4405 182 4456 md
197 4407 377 4465 Huruaniernus
395 4411 422 4463 iu
441 4412 533 4464 Italion
553 4412 604 4464 und
627 4409 812 4462 [bruta-bland.
848 4409 872 4460 S.
897 4409 933 4458 ro.
971 4408 1102 4458 erru'iclrst
1120 4416 1242 4474 arrgoregt

144 4476 264 4531 ”danem
289 4480 431 4532 (ieonum-n
457 4482 547 4532 wrrrdo
573 4480 671 4531 liutran
697 4478 779 4529 durclr
800 4478 848 4529 dou
868 4476 961 4537 llialog
990 4474 1105 4527 l‘latiuas
1123 4476 1162 4527 llo
1181 4493 1243 4528 rora

143 4540 259 4615 obtuta,
276 4549 324 4601 der
344 4549 410 4600 lr'rlt)
428 4549 454 4600 iu
474 4549 561 4602 Erd'urt
580 4549 619 4598 bei
639 4547 760 4598 serretur
774 4562 824 4596 nou
837 4544 967 4610 uulgologt
988 4543 1084 4594 u'urdo.
1138 4544 1149 4574 ⁶
1168 4543 1240 4596 llier:

140 4612 397 4686 uflrupqrurriue.
968 4679 1035 4744 13*
