2774 4966
559 647 664 700 Mutian
682 662 715 699 an
734 643 834 699 Urbeu.
1198 644 1259 709 281

141 821 337 897 dubitarem3
360 820 578 903 sedquoniam
597 825 704 884 exstat
726 821 933 902 approbatum
958 824 1067 882 mutuo
1091 842 1256 895 consensu,

141 910 297 972 firmatum
327 907 475 988 legitime,
504 929 565 970 non
591 908 630 969 ab
654 930 689 970 eo
712 906 863 970 recedam.
909 905 988 981 Quid
1018 907 1257 970 contradicent?

142 994 259 1058 Forsan
295 993 385 1057 illud:
420 999 486 1064 ..trs
515 995 586 1069 tuns
618 994 677 1056 mitt
707 995 736 1054 in
764 991 920 1068 trintisstn
951 995 1005 1052 tou
1035 993 1076 1052 nit
1107 996 1257 1070 attollor.u

140 1080 217 1161 Ego,
245 1080 300 1161 qui
330 1078 387 1143 hae
414 1079 539 1142 tabulas
573 1101 696 1161 sequor,
731 1079 885 1141 instruere
915 1084 947 1140 et
969 1079 1116 1140 nutantia
1149 1077 1257 1141 fulcire

145 1187 248 1248 cogor.
294 1164 405 1228 Verum
429 1165 578 1247 idipsum
596 1165 759 1248 pecuniam
778 1161 928 1245 postulat,
945 1185 1039 1244 quam
1057 1163 1082 1226 si
1100 1163 1257 1242 haberem,

143 1253 173 1315 in
198 1252 260 1315 alia
283 1250 463 1314 conferrem.
509 1252 695 1334 Relinquere
719 1272 790 1313 vero
815 1250 940 1313 domum
964 1250 1039 1332 quid
1062 1249 1146 1312 aliud
1175 1256 1257 1314 esset

141 1359 235 1419 quarn
266 1337 396 1400 fratrum
428 1357 565 1401 meorum
590 1344 622 1400 et
645 1338 802 1420 proprium
832 1334 948 1399 violare
978 1336 1198 1400 commodum?
1231 1336 1258 1399 si

142 1423 337 1487 commodum
363 1427 411 1486 est
433 1444 487 1504 pro
510 1426 576 1487 vita
606 1424 724 1486 functis
753 1445 850 1498 orare,
874 1423 919 1485 uti
944 1422 1075 1485 credunt
1098 1422 1152 1501 qui
1174 1422 1257 1504 apud

140 1510 256 1573 inferos
291 1531 407 1591 poenas
441 1514 473 1570 et.
504 1515 662 1574 tormenta
696 1510 890 1588 confingunt.
942 1507 1049 1570 Placet.
1081 1508 1187 1586 igitur,
1222 1513 1256 1571 ut

140 1594 268 1659 officiali
300 1595 391 1658 cedat
418 1595 563 1660 officialis
593 1597 671 1658 satis
702 1596 861 1657 officiosus
884 1602 915 1657 et
939 1595 996 1657 tibi
1021 1600 1052 1656 et
1075 1593 1197 1674 Petrejo
1224 1599 1256 1656 ot

140 1680 279 1744 Cotioni¹
313 1681 472 1763 jucundus
506 1687 535 1745 et
568 1682 739 1749 familiaris.
768 1681 822 1743 sed
857 1703 893 1743 ea
929 1681 1006 1760 lege,
1041 1686 1077 1742 ut
1110 1681 1257 1761 impetret

139 1769 274 1849 gratiam
305 1768 507 1847 vicariorum3
535 1773 639 1850 potest
661 1774 767 1831 tamen
791 1767 858 1830 sine
880 1767 986 1830 favore
1008 1788 1096 1828 meus
1119 1789 1187 1830 esse
1209 1767 1256 1828 in-

137 1854 289 1937 quilinus,
322 1854 490 1918 dummodo
525 1855 668 1918 aedificet
696 1859 727 1917 et
754 1854 943 1917 collabentis
975 1853 1130 1915 restituat.
1181 1852 1256 1915 Post

140 1939 206 2003 lata
231 1944 337 2003 nostra
360 1940 466 2004 vicarii
491 1941 628 2004 orabunt
652 1962 704 2022 pro
728 1941 830 2002 tribus
858 1937 980 2003 Mutiis²
1009 1937 1254 2019 obtemperaturi

140 2027 345 2109 syngraphae.
392 2025 425 2090 Si
449 2028 598 2094 cederem.
624 2049 714 2090 nemo
731 2035 813 2089 esset
829 2040 951 2108 praeter
967 2048 1016 2088 me
1033 2026 1145 2106 ipsum,
1162 2047 1254 2106 quem

135 2113 204 2195 jure
233 2135 379 2176 accusare
410 2134 541 2196 possem.
588 2114 689 2190 Quare
721 2114 878 2176 facessant
902 2113 955 2176 isti
979 2115 1108 2194 nepotes
1141 2108 1254 2174 lovis.³

140 2197 233 2262 Stent
257 2199 428 2280 promissis,
473 2198 660 2263 Scrutentur
683 2200 809 2279 singula
840 2199 935 2261 verba
961 2197 1132 2261 firmissimi
1163 2219 1255 2260 sanc-

137 2285 316 2366 tissimique
346 2292 538 2349 contractus.
583 2287 653 2350 Non
683 2308 730 2349 me
758 2286 803 2348 ita
826 2285 959 2348 stultum
988 2283 1192 2359 arbitrentur,
1220 2288 1256 2347 ut

138 2393 283 2453 spernam
300 2372 479 2454 opinionem
497 2371 726 2436 ecclesiasticae
743 2372 971 2436 retributionis,
1009 2370 1128 2452 Impius
1145 2391 1255 2446 essem,

138 2459 164 2521 si
182 2463 322 2522 mortuos
345 2458 420 2522 olim
441 2481 607 2540 germanos
623 2481 742 2522 mecum
760 2458 931 2522 oblivionis
947 2458 1037 2521 ruina
1054 2455 1254 2519 involverem.

139 2543 284 2608 Vivemus
308 2544 366 2607 deo
390 2545 513 2608 volente
530 2546 560 2607 in
579 2546 727 2609 memoria
740 2545 907 2626 justorum.
948 2544 993 2606 ld
1011 2546 1135 2607 domum
1153 2542 1254 2606 redeo.

137 2630 212 2695 Eam
247 2638 303 2694 tuo
338 2635 370 2694 et
402 2631 620 2712 Engelmanni,
656 2632 713 2694 viri
748 2631 1066 2714 circumspectissimi,
1098 2629 1255 2692 arbitratu

137 2716 307 2781 collocabis
339 2718 474 2798 Georgio
503 2717 585 2782 tuo.⁴
630 2718 663 2781 ln
688 2741 750 2800 quo
781 2718 864 2781 facto
898 2717 1125 2799 adaugebimus
1160 2714 1254 2778 bene-

137 2804 306 2868 volentiam
331 2806 501 2867 amicorum
523 2810 554 2868 et
576 2804 726 2867 [rotianas
743 2804 876 2881 fabulas,
893 2805 976 2887 quod
1001 2809 1049 2866 est
1072 2802 1254 2878 maximum,

135 2890 356 2954 devitabimus.
416 2890 529 2953 Videat
566 2891 809 2954 instrumentum
848 2890 1019 2971 aequitatis
1058 2893 1184 2952 nostrae
1216 2887 1253 2950 D.

136 2975 372 3060 Engelmannus
395 2983 426 3039 et
449 2976 581 3040 consilio
604 2983 748 3041 occurrat
770 2981 957 3060 opportuno.
1003 2975 1086 3039 Vale.

288 3077 349 3131 Coo.
367 3076 432 3130 Frcf.
451 3077 509 3130 264.

134 3283 249 3351 (oona)
597 3259 600 3265 “
656 3267 726 3331 226.
984 3291 1017 3357 (n.
1039 3294 1059 3346 r.
1079 3292 1148 3347 naz
1170 3296 1253 3364 1513.)

505 3395 648 3464 lintion
670 3417 717 3464 an
743 3395 880 3466 Urban.

133 3523 193 3586 (Dic
218 3523 312 3575 Velare
331 3524 428 3574 nrrden
447 3542 497 3575 uns
515 3524 570 3576 {leni
591 3542 634 3576 ror
656 3525 800 3578 redoleres
819 3529 990 3594 uictbeselatrn
1013 3532 1198 3598 bt·lrrr'ft.rlr'icl·e
1212 3554 1252 3589 er-

131 3593 237 3654 reveren,
255 3593 318 3645 dass
335 3595 374 3644 sie
391 3593 463 3644 nerlu
481 3593 547 3644 blesa
565 3594 624 3644 {lein
643 3594 744 3646 llruder
760 3596 977 3653 Ir'r'irlrcnnrcrsler.
991 3601 1103 3653 sordem
1114 3605 1182 3656 ariel
1194 3605 1251 3659 clem

132 3661 249 3714 Kanxler
267 3662 322 3713 und
339 3661 448 3713 liemon
465 3662 507 3713 rtr'o
526 3663 680 3714 Scelnresscn
705 3665 834 3716 sclurldeu.
872 3666 989 3719 nosram
1010 3671 1098 3722 srwlrte
1121 3673 1175 3739 anf
1194 3675 1250 3727 An·

129 3730 222 3797 stiften
239 3731 282 3783 des
301 3730 394 3783 Lotius
421 3729 529 3782 Manan.
554 3749 603 3782 aus
627 3732 683 3783 dem
708 3732 811 3786 Besrftre
833 3735 876 3785 des
899 3735 1002 3788 Horres
1025 3756 1061 3791 arr
1087 3741 1251 3812 rcrdrc'inpcn.

392 3799 445 3851 Der
463 3817 527 3851 cunm
547 3798 636 3851 illr'ctcr
658 3800 739 3869 Georp
756 3821 818 3871 rrrop
835 3803 988 3871 cr'urr'clrcn.)

505 3914 545 3963 H.
565 3914 691 3963 Urbano
710 3916 753 3964 Μ.
772 3917 881 3967 Rufus.

234 4021 266 4084 S.
313 4022 392 4085 Ecce
415 4024 637 4104 cogitaverunt
660 4026 792 4090 consilia
815 4030 922 4092 vicarii
947 4035 1056 4108 nostri,
1082 4056 1163 4115 quae
1188 4059 1249 4100 non

130 4112 301 4191 potuerunt
337 4109 486 4171 stabilire.
533 4110 623 4173 Nunc
658 4112 805 4177 desinant
838 4117 996 4181 seditiosis
1029 4122 1160 4185 vocibus
1193 4124 1250 4187 ob-

129 4201 278 4276 strepere.
325 4194 465 4256 Nescirit
495 4199 660 4260 temeraria
691 4202 869 4280 posteritas
901 4205 974 4283 quid
1006 4208 1145 4271 seniores
1177 4218 1251 4274 ante

128 4302 231 4344 annos
244 4281 460 4361 duodeviginti
477 4283 623 4345 voluero⁵
659 4285 766 4348 Discat
782 4310 820 4348 ex
839 4288 898 4352 hac
914 4292 1084 4372 scriptione
1096 4294 1248 4375 majorum

203 4414 399 4483 ¹Stimmering.
419 4418 443 4468 S.
463 4416 512 4468 2711
531 4420 560 4469 Α.
580 4421 602 4470 o'.
675 4422 684 4450 ²
703 4419 800 4472 llutian
819 4423 872 4476 urnl
890 4423 961 4476 scine
979 4426 1045 4478 zwei
1063 4430 1249 4484 rerstorbonen

125 4483 237 4537 Briider.
264 4482 289 4536 S.
318 4486 347 4534 lo
372 4488 402 4537 A.
428 4484 452 4537 2.
523 4487 653 4539 l(lettere
681 4488 864 4559 Bozeichnung
891 4493 936 4544 ‹ler
964 4493 1021 4546 sicli
1049 4496 1247 4552 iiberhebenrlen

126 4552 249 4606 Pricster.
294 4554 305 4584 ⁴
322 4551 440 4604 Osmund
462 4552 613 4620 (Hallonsis)
632 4557 656 4607 S.
676 4557 725 4608 2ῖ11
744 4562 773 4610 rt.
793 4559 815 4612 2.
864 4561 1024 4615 ³llcrnnuclr
1045 4580 1098 4616 war·
1115 4567 1161 4618 dor
1176 4567 1248 4621 Kon-

124 4621 195 4675 rant
214 4620 343 4699 tiberdas
361 4621 434 4674 Heus
452 4622 489 4673 im
506 4623 530 4674 J.
551 4625 617 4677 1495
630 4626 780 4693 autgesetzt.
817 4628 924 4684 Damsls
936 4646 1009 4685 muss
1020 4632 1074 4687 also
1085 4634 1131 4687 der
1141 4635 1242 4690 Broder

124 4689 345 4745 Kiiehenmerstor
362 4691 443 4745 sehon
461 4690 488 4743 in
506 4691 593 4746 Erfurt
610 4694 697 4762 gelebt
714 4696 807 4750 huben.
