2774 4966
125 648 190 713 130
509 645 596 699 Briefc
614 661 666 701 ven
684 647 865 704 laea-1509,

127 831 245 902 (atra)
421 808 429 824 ⁴
657 816 728 880 109.
899 831 1264 901 (11.1518111111.)ι

484 939 628 1009 Mutine
651 963 698 1011 an
722 941 908 1011 Herberd.

126 1067 318 1135 (Emirulrururp
336 1084 388 1118 aur
409 1067 548 1133 Eiutrusflrl
567 1071 616 1119 rnr't
639 1070 739 1122 (letus.
774 1069 935 1122 Jrnu'str'erlrr
952 1067 1194 1133 n'ueanrmulmrq
1211 1082 1263 1119 aaa·

127 1137 209 1189 Lali-rr
217 1153 277 1188 vreue
288 1135 416 1201 Ix'r'rrpnrrr
427 1137 483 1187 rurd
498 1136 666 1202 llbersr'ilnrrr..
686 1138 840 1205 trare-leupo
848 1138 896 1204 [ἄν
909 1138 1051 1203 l'orlrsrurp
1060 1136 1117 1188 arrd
1127 1134 1262 1188 Studium.

232 1204 384 1271 :irrelepnrrp
402 1204 475 1255 eirrrr
494 1205 569 1257 Stella
595 1205 702 1272 l'rryr'ls.
742 1206 977 1273 (lrtlropreplu'srlre
995 1204 1166 1265 l’alauterr‘e.)

399 1316 582 1367 Herebordo
601 1319 774 1379 Margarita
792 1316 847 1384 (Μ.
865 1315 989 1384 Rufus).

235 1427 265 1489 S.
296 1426 381 1489 Bene
397 1431 433 1489 tu
449 1426 588 1508 quidem,
612 1429 697 1508 quod
711 1429 865 1510 judicium
884 1450 987 1491 rneurn
1003 1426 1153 1508 sequeris.
1184 1424 1262 1506 Ego,

129 1535 171 1577 ne
194 1534 287 1587 erres,
316 1513 483 1574 estendam
517 1512 575 1575 tibi
603 1516 686 1576 viam
719 1515 864 1594 promissi
895 1510 1058 1576 tirocinii².
1104 1510 1151 1573 Tu
1177 1532 1264 1573 meas

129 1597 370 1679 objurgationes
398 1601 429 1660 et
451 1597 560 1660 literas
594 1600 661 1680 pari
692 1600 798 1661 auimo
826 1599 908 1661 feras
935 1620 1037 1679 neque
1069 1596 1171 1659 Croto·
1195 1596 1263 1659 viro

129 1682 228 1766 probo
252 1679 463 1745 succenseas³.
501 1682 612 1745 limate
628 1685 839 1747 concordiam.
871 1683 1089 1746 Dissensiones
1113 1703 1175 1744 nou
1192 1702 1264 1763 per·

130 1769 264 1832 mittam.
309 1766 359 1829 lile
383 1789 445 1830 non
468 1768 645 1846 offendetis,
670 1770 729 1831 nisi
755 1791 862 1850 parere
884 1770 962 1831 mibi
987 1768 1153 1831 nolueritis
1176 1770 1262 1830 reeta

129 1853 331 1918 monstranti.
378 1850 413 1915 Si
428 1858 513 1915 esset
535 1853 594 1916 tibi
612 1877 699 1917 mens
717 1860 860 1935 purgata,
878 1854 989 1936 utique
1004 1853 1125 1934 gratias
1141 1872 1262 1931 ugerae,

130 1939 258 2022 quande
280 1942 312 1999 te
335 1938 478 2019 corripio.
524 1937 634 2001 Errare
658 1961 826 2021 possumus
851 1945 886 2002 ut
909 1938 1071 2016 lromines3
1096 1936 1183 2011 felix,
1208 1938 1265 2019 qui

130 2024 221 2088 audit
250 2022 480 2085 emendantem.
533 2022 594 2086 Sed
625 2026 791 2087 veniamus
821 2025 860 2087 ad
894 2031 1035 2088 nostrum
1068 2023 1264 2085 institutum.

130 2109 246 2190 Rogas,
270 2112 306 2171 ut
328 2108 387 2170 tibi
404 2108 548 2171 studioso
561 2109 642 2189 juris
658 2116 690 2172 et
705 2110 882 2191 elegantiae
906 2131 1096 2172 succurram.
1136 2107 1264 2170 Faciam

132 2194 240 2257 sedulo
271 2192 398 2255 Christo
425 2194 595 2274 aspirante.
642 2193 734 2258 Nunc
765 2218 888 2257 sumam
913 2218 952 2257 ex
976 2193 1171 2277 praescripto
1198 2213 1265 2255 ma·

131 2280 241 2343 teriam
266 2279 344 2341 satis
367 2277 477 2341 utilem
500 2279 655 2342 advocate
680 2280 796 2343 futuro.
843 2280 900 2343 Est
923 2280 974 2342 bic
1004 2278 1265 2360 conjecturatur

131 2364 258 2436 dixeris,
290 2363 375 2443 quod
399 2362 515 2426 Cretes
545 2365 646 2428 aitte
669 2365 796 2441 dixisse,
827 2372 863 2428 tn
887 2364 1043 2428 infitiaris.
1090 2361 1264 2426 Sciendum

130 2455 180 2512 est
202 2449 295 2528 longe
317 2448 472 2530 optimum
498 2470 575 2521 esse,
608 2450 635 2511 si
658 2455 827 2514 aecusatus
859 2472 974 2531 negare
1003 2449 1122 2512 lactum
1146 2452 1264 2529 potest.

130 2534 165 2598 Si
189 2556 251 2597 nen
274 2538 390 2615 potest,
413 2533 511 2595 habet
534 2536 581 2597 vel
604 2535 835 2598 confessionem
859 2535 907 2598 vel
932 2534 1156 2599 defensionem.
1201 2532 1266 2596 Nos

131 2620 307 2682 Christiani
323 2619 406 2698 apud
424 2619 515 2681 deum
530 2620 668 2700 judicem
687 2630 772 2699 (nam
789 2621 1012 2684 auriculariam
1029 2618 1264 2683 confessionem

130 2704 287 2785 improbo)
312 2703 448 2766 latemur
470 2710 600 2785 peccata
623 2712 654 2768 et
676 2707 796 2768 utimur
819 2728 880 2768 nnn
897 2706 1086 2787 purgatione
1109 2704 1265 2779 criminis,

130 2791 184 2853 sed
210 2790 438 2871 deprecatione,
470 2796 503 2851 et
532 2791 608 2870 quia
639 2792 762 2871 culpam
795 2791 961 2853 defendere
990 2811 1053 2853 non
1083 2809 1263 2871 possumne,

132 2896 304 2955 precamur,
328 2877 365 2936 ut
382 2874 535 2954 ignoscat..
575 2875 683 2938 lititur
701 2878 758 2939 liae
774 2876 973 2938 confessione
989 2881 1021 2938 et
1038 2874 1263 2956 deprecatione

133 2960 242 3023 Cicero
266 2959 351 3040 apud
368 2957 532 3022 Caesarem
556 2982 612 3042 pro
629 2962 664 3036 Q.
681 2962 819 3042 Ligario.
868 2962 967 3024 Verba
986 2961 1147 3023 Ciceronis
1171 2964 1264 3022 suut:

135 3044 261 3126 ,Habes
285 3046 382 3125 igitur
397 3043 531 3119 Tubero,
556 3046 640 3126 quod
656 3052 705 3109 est
721 3048 897 3109 accusatori
922 3047 1059 3109 maxime
1076 3045 1264 3126 optandum,

133 3130 337 3194 confitentem
360 3130 477 3192 reum.“
513 3131 586 3193 lrleo
602 3137 718 3203 autern,
744 3134 785 3194 mi
805 3132 992 3205 Hereborde,
1015 3131 1191 3213 opt-endum
1217 3136 1266 3193 est

132 3216 320 3287 accusatori,
345 3220 381 3276 nt
403 3216 593 3278 confiteatur
615 3238 695 3285 reus,
720 3218 795 3296 quia
813 3239 874 3279 non
893 3218 953 3279 erit
968 3239 1048 3298 epus
1065 3216 1266 3296 probatione,

132 3322 196 3381 qua
219 3301 297 3363 nibil
321 3306 369 3363 est
386 3299 547 3363 difficilius
571 3303 600 3363 iu
619 3306 755 3381 utreque
779 3302 855 3364 loro.
902 3303 1010 3383 Neque
1027 3303 1111 3363 enim
1128 3301 1267 3363 testibus

132 3387 234 3448 solum
259 3392 287 3446 et
312 3386 433 3447 tabulis
456 3387 591 3464 signatis
615 3394 645 3449 et
670 3387 872 3468 praejudiciis
896 3388 1129 3450 straminibus
1153 3391 1185 3447 et
1201 3396 1267 3448 tor-

136 3472 260 3547 mentis,
285 3471 338 3533 sed
358 3472 452 3532 etiarn
470 3472 570 3551 signis
587 3478 618 3533 et
635 3474 812 3534 rationibus
830 3475 864 3535 lit
882 3473 1035 3552 probatio.
1072 3472 1150 3533 Cum
1169 3471 1267 3551 igitur

134 3578 240 3637 negas,
265 3578 327 3635 qne
353 3557 444 3618 mode
468 3556 632 3637 probabo?
663 3556 767 3619 'lestis
784 3563 832 3620 est
847 3579 931 3620 unus
954 3558 1078 3620 Cretus.
1127 3556 1265 3619 lluornm

132 3641 317 3704 testimonie
341 3664 421 3722 opus
445 3648 501 3704 est.
549 3641 639 3704 Facit
662 3664 718 3723 pro
735 3650 776 3717 te,
801 3650 835 3706 ut
859 3644 918 3705 tibi
944 3642 1014 3724 plus
1038 3642 1173 3716 credam,
1199 3642 1266 3703 vita

134 3727 288 3789 innocens
315 3731 347 3787 et.
370 3727 453 3806 qnod
485 3727 523 3789 rle
549 3750 595 3788 me
626 3729 670 3789 sis
703 3729 780 3789 bene
811 3730 941 3790 meritus
964 3736 996 3790 et
1019 3729 1103 3808 (pund
1128 3748 1200 3807 spes
1223 3726 1267 3788 sit

133 3820 165 3875 te
189 3813 219 3872 iu
244 3810 386 3873 futurum
411 3812 506 3874 talern
535 3814 609 3877 l'nre.
634 3813 738 3893 qrralis
756 3814 860 3875 lucris
900 3814 1014 3875 Sciunt
1035 3812 1165 3874 rabulae
1188 3810 1268 3874 nibil

135 3897 237 3976 magis
271 3896 418 3977 prodesse
446 3920 540 3978 (pram
574 3920 697 3978 negare.
727 3904 761 3961 ut
787 3899 966 3960 adversarie
998 3897 1162 3959 incumbat.
1194 3917 1267 3979 pro-

135 3982 231 4045 bandi
256 3981 364 4045 meles.
411 3980 473 4044 Sed
502 3984 540 4045 ‹le
564 3983 623 4045 liae
649 3984 770 4047 astutia
802 3985 959 4064 posterius
989 3984 1101 4045 dicam.
1149 3982 1268 4045 Demus

208 4169 216 4198 ¹
235 4166 302 4218 llass
321 4165 438 4218 llerberrl
457 4166 553 4218 beraits
573 4167 597 4218 in
617 4165 790 4233 (leorgmrtbal
810 4184 871 4225 war,
890 4167 994 4219 sebeint
1011 4181 1059 4217 nus
1078 4165 1127 4216 den
1144 4163 1268 4217 Schluse·

136 4237 233 4287 werten
254 4235 300 4286 des
319 4235 361 4285 llr.
381 4252 413 4286 zu
432 4234 555 4286 erlrellen.
594 4235 674 4287 llafiir
692 4235 791 4302 spriclrt
810 4236 878 4287 anch
890 4232 1116 4286 dernierlerlurlte
1135 4232 1185 4285 ilat
1203 4232 1270 4285 iiber

135 4303 177 4355 die
195 4304 272 4355 seclis
291 4302 422 4354 llnbrilren
442 4304 511 4353 beinr
531 4303 711 4370 Excerpicrcu.
734 4303 789 4371 l'gl.
806 4304 846 4356 llr.
863 4306 918 4355 llll.
972 4304 1045 4354 2ὓνι·
1058 4301 1268 4367 versproelreuen

134 4371 324 4438 Vertereinurg
342 4372 384 4422 liir
402 4372 443 4423 die
458 4372 611 4435 jrrristisrlre
631 4372 774 4424 laufbalrn.
814 4373 858 4423 ills
876 4372 966 4424 solclre
984 4370 1146 4422 bctrarlrtete
1166 4367 1268 4421 lintion

136 4438 209 4491 selue
227 4445 306 4507 guten
326 4439 484 4505 lietsclrltige
502 4440 554 4491 mul
574 4440 809 4505 l'ntern'risungen
833 4442 874 4491 liir
891 4441 938 4492 das
956 4439 1077 4491 Studium
1096 4438 1143 4489 des
1160 4436 1269 4506 Rechts,

136 4507 197 4559 deur
215 4508 334 4560 llcrboul
353 4508 379 4558 in
398 4507 571 4573 (loorpentlral
596 4508 678 4576 ableg.
733 4508 865 4560 ³lleziebt
882 4508 939 4560 sich
957 4509 1003 4559 aul
1019 4505 1152 4559 Herberds
1170 4510 1269 4559 Ausee-

149 4589 236 4643 ”agen
254 4576 319 4627 iiber
336 4575 438 4627 blutian
455 4577 481 4628 in
495 4578 648 4645 Gegcrrnurt
667 4578 713 4629 des
726 4576 827 4631 Cretes,
846 4578 892 4629 der
908 4576 1010 4629 Mutian
1029 4572 1169 4641 rerteidigt
1186 4574 1267 4627 hatte.

169 4641 195 4710 p.
213 4643 257 4696 Br.
278 4645 335 4697 res.
372 4632 443 4699 beer
460 4643 553 4698 erotus
570 4643 596 4697 s.
617 4646 667 4697 113
685 4648 715 4697 a.
728 4644 752 4696 e.
