2774 4966
548 656 653 710 llutian
672 671 706 707 an
727 653 825 708 Urbnu.
1191 650 1251 715 185

123 830 217 893 etiam
254 849 325 891 cum
357 828 388 890 in
413 827 491 891 illud
524 827 765 890 subterraneum
801 826 994 888 cubiculum'
1031 825 1250 887 demitteretur

125 914 342 994 haesissetque
365 913 569 976 descendenti
598 913 689 983 stola,
721 912 816 974 vertit
839 933 871 973 se
894 934 930 974 ac
954 911 1132 990 recollegit3
1163 908 1249 973 cum'

124 1001 151 1062 ei
175 998 315 1063 carnifex
346 1020 473 1062 manum
497 999 595 1067 daret,
620 1002 765 1059 aversata
789 1003 837 1059 cst
860 1002 892 1058 et
914 997 1025 1059 resiliit
1059 997 1248 1076 foedumque

127 1088 304 1148 contactum
335 1085 427 1164 quasi
458 1083 552 1164 plane
574 1105 592 1146 a
616 1091 704 1145 casto
738 1104 866 1162 corpore
900 1104 1042 1163 puroque
1078 1081 1250 1143 novissima

127 1171 293 1233 sanctitate
336 1168 473 1250 rejecit.“
535 1168 681 1231 Profecto
727 1168 877 1231 terribilis
914 1174 982 1229 erat
1018 1167 1249 1229 animadversio

130 1256 254 1318 vitiatae
289 1253 434 1317 Vestalis.
481 1253 594 1316 Vincta
628 1254 710 1315 euim
745 1253 934 1314 offerebatur
968 1253 997 1313 iu
1034 1252 1200 1332 sandapila
1229 1273 1247 1313 a

131 1339 344 1422 sandapilariis
378 1339 408 1402 h.
439 1361 465 1400 e.
495 1338 682 1401 cadaverum
725 1338 932 1419 portitoribus
971 1337 1248 1417 sepultoribusque

131 1446 178 1506 per
199 1425 337 1487 medium
363 1425 464 1487 forum
488 1424 643 1503 usquead
661 1428 783 1504 portam
809 1422 975 1496 Collinam,
994 1424 1046 1484 uhi
1064 1447 1083 1485 a
1100 1422 1250 1503 pontifice

135 1511 212 1590 virgo
228 1510 349 1572 incesta
375 1510 406 1571 iu
430 1531 596 1572 cavernam
614 1508 851 1570 subterraneam
870 1508 1058 1582 demittitur,
1076 1508 1147 1569 iude
1164 1508 1249 1568 fossa

134 1595 232 1657 tellure
259 1594 408 1676 repletur,
431 1595 463 1657 in
487 1614 551 1674 qua
573 1599 680 1656 tamen
712 1599 760 1655 est
790 1599 910 1656 stratus
942 1593 1042 1655 lectus
1065 1600 1095 1656 et
1120 1594 1248 1654 lucerna

137 1680 234 1742 ardeus
256 1686 289 1742 et
310 1680 413 1762 pecie,
443 1678 501 1755 lac,
524 1679 640 1749 oleum,
672 1701 710 1741 ne
734 1678 816 1740 fame
840 1680 919 1741 mori
942 1680 1094 1740 rideatur.
1135 1677 1247 1740 Eadie

140 1765 282 1829 silentium
316 1772 349 1828 et
381 1764 542 1828 moestitia
576 1765 607 1826 in
642 1769 712 1827 tota
750 1764 828 1826 urbe
862 1768 919 1827 est.
975 1763 1023 1825 Ex
1058 1785 1120 1846 quo
1154 1763 1247 1825 datur

140 1848 255 1931 intelligi
280 1848 457 1914 Vestalium
487 1851 650 1930 punitores
682 1851 779 1912 fuisse
805 1850 988 1931 pontificem
1016 1849 1100 1931 quod
1125 1872 1163 1911 ne
1186 1847 1246 1911 tibi

143 1934 232 1999 uirum
267 1935 321 2013 sit,
355 1937 429 2000 audi
464 1933 644 1999 Cornelium
680 1935 824 1998 Tacitum
858 1936 896 1997 de
930 1935 1096 1998 Germanis
1131 1934 1247 1996 uostris

144 2020 326 2085 scribentem:
376 2020 504 2102 „Neque
548 2021 797 2085 animadvertere
842 2042 944 2100 neque
983 2021 1100 2083 vincire
1146 2042 1247 2101 neque

145 2105 283 2170 verberare
305 2107 432 2189 quidem
457 2107 518 2170 nisi
540 2106 760 2170 sacerdotibus
792 2104 1024 2188 permissum.“³
1070 2107 1103 2168 lu
1139 2111 1248 2169 nostra

147 2189 271 2271 religione
302 2213 365 2255 non
398 2192 472 2254 licet
503 2194 642 2256 antistiti
677 2193 840 2256 verberare
872 2198 904 2254 et
934 2191 1081 2273 culpatur
1114 2192 1245 2255 clericus

147 2292 301 2353 percussor3
325 2283 431 2340 tamen
456 2298 524 2341 mos
546 2282 644 2356 tenet,
661 2284 698 2341 ut
713 2301 820 2341 sacros
836 2278 934 2357 virgis
950 2279 1093 2341 caedant.
1135 2278 1246 2358 ltaque

149 2359 377 2445 archiepiscopus
405 2361 616 2443 Moguntinus
644 2364 761 2427 abbam
793 2363 904 2426 Fontis
928 2362 1092 2426 lteinardi‘
1115 2363 1188 2426 olim
1213 2363 1244 2425 in

149 2445 301 2511 ambulacro
345 2446 480 2511 Mariani
525 2449 635 2530 templi
680 2450 763 2532 apud
804 2448 1014 2530 Erphurdiam
1062 2448 1244 2512 verberibus

150 2532 293 2614 ‹artigasse
326 2532 451 2596 dicitur.
507 2533 670 2616 Duratque
705 2537 735 2598 in
772 2534 934 2599 coenobiis
967 2558 1004 2598 ea
1038 2534 1270 2611 consuetudo.

149 2632 195 2706 qua
211 2620 233 2682 si
253 2620 299 2682 uti
324 2619 442 2682 vellent
474 2620 632 2683 cruciatae
664 2621 853 2698 sacerdotes,
886 2621 1003 2684 rediret
1036 2621 1117 2683 forte
1150 2640 1244 2699 quam

150 2695 229 2780 diligis
262 2710 356 2787 partu
393 2704 508 2767 levata.
569 2704 632 2768 Sed
669 2729 823 2769 carcerem
865 2709 1003 2770 minatur
1048 2705 1245 2768 Temerarius

151 2777 377 2854 Tlemariensisf
424 2790 532 2853 Nescit
554 2790 698 2854 sufficere
715 2794 772 2854 deo
790 2793 989 2855 lacrimosam
1007 2791 1244 2873 poenitentiam.

151 2862 245 2950 sepse
261 2875 346 2938 cadit
359 2875 466 2957 justus
482 2880 515 2938 et
529 2877 675 2957 resurgit.
691 2888 705 2917 ⁸
737 2876 842 2940 Flevit
858 2878 981 2954 Petrae,
998 2878 1086 2941 flevit
1102 2876 1246 2940 Marthae

151 2970 222 3050 soror,
241 2961 321 3024 dixit
343 2960 445 3024 David
468 2961 593 3024 adulter
614 2969 647 3025 et
670 2962 843 3025 homicida:
869 2963 1007 3044 peccavi,
1029 2969 1060 3025 et
1078 2962 1245 3026 confestim

152 3044 294 3110 mlsencors
316 3052 349 3110 et
376 3047 542 3110 miserator
575 3048 722 3111 dominus
755 3052 920 3130 peccatum
958 3047 1107 3125 abstulit,
1135 3047 1190 3128 qui
1219 3048 1245 3110 si

152 3128 264 3200 protinus
298 3132 451 3196 scelerum
490 3131 575 3197 ultor
612 3138 705 3208 esset,
745 3155 846 3214 neque
882 3133 1012 3197 Petrum
1045 3138 1077 3196 et
1111 3132 1244 3195 Paulum

153 3201 252 3305 haberet
272 3216 406 3281 ecclesia
428 3239 532 3298 neque
555 3241 612 3281 nos
636 3220 802 3282 miserrimi
826 3227 1007 3300 peccatores
1031 3219 1246 3281 viveremusb

152 3285 202 3355 lltsr
227 3309 344 3366 mortua
374 3303 462 3384 jacet
489 3305 521 3366 in
553 3306 697 3384 sepulcro
733 3305 843 3368 nefarii
879 3304 1038 3377 facinoris,
1072 3310 1177 3366 tamen
1214 3310 1245 3364 et

85 3444 89 3452 .
153 3372 287 3474 fOtttutem
310 3388 482 3451 suscitabit
504 3390 552 3450 uti
579 3390 741 3452 lazarum.
787 3390 858 3452 Non
883 3391 951 3452 vult
976 3397 1104 3452 mortem
1135 3410 1245 3470 pecca-

153 3463 292 3536 troisset
323 3478 359 3536 ut
387 3494 468 3554 quae
502 3480 595 3560 raptu
631 3476 767 3555 perierat
801 3477 998 3556 poenitentia
1031 3479 1243 3536 conservetur.

154 3541 249 3618 ltalia
268 3565 317 3623 est
340 3558 391 3621 lex
415 3558 469 3622 illa
493 3565 584 3622 vetus
607 3561 638 3622 in
663 3561 744 3623 atrio
769 3561 925 3623 libertatis
948 3563 1023 3634 lixa,
1041 3581 1105 3638 qua
1121 3559 1243 3621 saucie-

156 3625 230 3735 Μῦν..
249 3647 282 3706 ut
304 3644 455 3726 probrum
478 3645 611 3725 virginis
634 3645 769 3708 Vestalis
792 3647 896 3726 capite
920 3645 1095 3727 puniretur,
1119 3645 1166 3706 vir
1189 3644 1244 3724 qui

153 3731 203 3779 ΜΠ]
218 3729 431 3792 incestavisset
455 3729 638 3794 verberibus
661 3736 835 3794 necaretur.
882 3730 952 3794 Non
977 3732 1090 3794 <lamus
1117 3728 1243 3793 oculum

154 3815 195 3875 1³¹⁰
211 3812 298 3889 oculo,
326 3815 453 3877 dentem
477 3837 532 3897 pro
556 3816 660 3891 deute,
683 3823 719 3879 ut
742 3816 774 3877 in
798 3816 900 3878 exodo
928 3816 1052 3896 legitur.
1098 3816 1163 3877 lrex
1186 3813 1244 3877 llll

153 3882 308 3981 taluterum,
332 3905 369 3961 ut
390 3899 526 3963 obscura
549 3901 690 3983 duraque
722 3903 824 3975 nimie,
859 3923 1057 3981 nequaquam
1087 3901 1243 3963 consistit.

152 3963 210 4040 Vnt
226 3983 301 4046 enim
326 3984 454 4064 ignorat
475 3986 560 4067 leges
583 3987 682 4048 solere
703 3988 818 4049 mutari
836 4007 892 4066 pro
908 3994 1085 4066 temporum
1104 3985 1244 4049 moribus

153 4054 178 4114 et
193 4076 235 4138 pro
252 4090 352 4132 rerum
387 4070 584 4151 publicarum
616 4073 785 4151 generibus
809 4076 840 4134 et
865 4094 919 4153 pro
942 4070 1122 4134 utilitatum
1154 4093 1243 4151 prae-

150 4177 318 4205 κ.

151 4246 387 4374 hadwx
401 4253 437 4305 ist
455 4253 579 4306 arreimcrl
592 4254 764 4322 qeerlua'ebeu.
824 4255 1041 4315 bvirerureuurs,
1062 4270 1109 4305 rou
1128 4258 1245 4320 spiiterer

221 4334 259 4371 rer
352 4362 357 4372 .

169 4443 173 4453 ,
199 4384 245 4458 flu
261 4405 373 4442 unsereu
390 4390 530 4458 Arrsgaben
550 4391 616 4443 fehlt
634 4391 794 4444 cubiculum.
868 4395 877 4423 ‘²
900 4391 992 4443 Besser
1010 4391 1101 4442 strimtc
1122 4405 1244 4456 munque,

149 4456 219 4523 'tem
234 4472 323 4511 unsern
343 4460 440 4526 Ausgg.
496 4458 609 4512 ”Germ
630 4459 689 4520 Vll,
716 4460 763 4511 mit
788 4461 834 4512 dor
853 4460 1034 4525 Abu’eiehuug
1052 4475 1084 4509 ue
1103 4458 1241 4509 verberare

161 4516 233 4576 urm
298 4524 567 4579 ‘Reiuhsrdsbmnn
639 4528 720 4579 ruer
750 4529 842 4580 welter-
869 4533 949 4580 uuten
980 4527 1126 4579 erwahutc'
1142 4525 1244 4577 lauitor

142 4586 409 4716 nmfossnffimosutprs,
427 4610 475 4649 aus
483 4594 596 4650 Themru
613 4611 636 4649 a.
656 4596 751 4650 Werra
769 4596 795 4648 in
814 4597 971 4667 Meiningeu,
983 4595 1065 4651 daher
1074 4595 1121 4647 dor
1130 4592 1239 4647 Schoin-
