2774 4966
536 606 646 663 llutian
664 623 699 662 er
719 605 848 662 Herberd.
1195 605 1256 672 139

136 796 220 851 aula
660 777 729 844 113.
1079 794 1148 863 (inf.
1169 793 1255 863 1509.)

481 905 626 977 Mutian
647 927 696 976 an
719 902 904 975 Herberd.

174 1034 303 1103 (Herbord
318 1035 369 1088 eoll
385 1032 475 1102 Bn'ese
498 1029 924 1167 Urbmfflsuiirlefflm’
942 1028 978 1085 da
995 1026 1079 1083 differ
1096 1023 1224 1099 Mupisler

721 1120 755 1155 m
777 1143 782 1153 .

235 1211 420 1268 Herebordo
435 1216 609 1277 Margarita
624 1217 806 1277 jurisperito
824 1216 939 1276 insigni
957 1214 1013 1281 (Μ.
1030 1210 1153 1278 Italus).

229 1325 262 1391 S.
308 1326 433 1389 Literas
456 1325 586 1404 Urbani,
611 1327 730 1390 literati
754 1325 893 1390 hominis
916 1331 947 1388 et
970 1324 1151 1408 perurbani‚
1181 1322 1258 1386 fide·

134 1408 200 1475 liter
221 1412 380 1493 dispensa.
426 1411 532 1492 Rogat
556 1414 592 1483 is,
615 1419 652 1475 ut
675 1413 738 1475 cito
761 1413 790 1475 id
815 1413 879 1474 fiat.
927 1411 1062 1474 Causam
1093 1408 1255 1489 intelligia.

134 1495 262 1561 Aestuat
284 1497 316 1559 in
340 1496 516 1568 ambitione
544 1497 629 1561 brevi
654 1497 780 1560 futurus
809 1497 967 1578 magister,
999 1495 1083 1578 quod
1112 1495 1252 1558 faustum

134 1581 192 1646 sit'.
236 1581 392 1646 Eruditus
413 1583 498 1646 enim
521 1582 704 1664 sophisticis
728 1581 1000 1664 disputationibus
1032 1580 1202 1644 descendet
1224 1582 1255 1642 in

134 1686 284 1750 eampum.
328 1665 406 1731 blox
429 1667 484 1730 ubi
507 1669 573 1731 voti
597 1690 726 1750 compos
748 1671 817 1747 erit,
846 1668 886 1730 ad
910 1689 968 1731 nos
992 1667 1106 1730 veniet.
1154 1666 1200 1729 Ad
1223 1669 1257 1728 te

134 1753 270 1817 celeriter
286 1757 318 1817 et
330 1754 445 1836 exigue
460 1753 575 1831 scribo,
585 1755 672 1835 quod
685 1754 801 1835 vigiliis
817 1758 850 1817 et
862 1753 1026 1817 laboribus
1041 1753 1106 1816 tuis
1120 1773 1256 1834 parcam.

134 1837 288 1915 Quantum
324 1838 409 1902 enim
445 1840 558 1917 sentio,
593 1861 656 1903 non
686 1844 751 1903 tam
781 1840 918 1903 delectat
940 1846 972 1901 te
995 1860 1090 1921 quam
1123 1837 1255 1901 offendit

133 1922 232 1988 inanis
247 1923 410 1988 scribendi
426 1924 627 2005 profluentia.
651 1925 772 2001 Quaere
788 1925 921 1988 feliciter
937 1925 1042 2006 legum
1059 1924 1256 1987 diverticula.

134 2006 286 2091 Praepare
306 2013 341 2073 te
370 2008 409 2073 ad
437 2010 661 2074 tractationem
693 2033 795 2074 rerum
825 2010 1008 2085 forensium,
1037 2015 1074 2072 ul.
1096 2015 1202 2073 orator
1225 2013 1257 2073 et

136 2096 295 2159 eurrsultus
321 2095 387 2158 tuis
416 2095 546 2158 tandem
575 2101 607 2159 et
633 2096 693 2158 tibi
724 2096 768 2158 sis
796 2095 894 2159 utilia.
948 2095 1025 2159 Nam
1058 2099 1094 2158 ut
1123 2095 1258 2158 scientia

135 2179 205 2262 juris
238 2182 279 2244 ad
308 2180 477 2244 dicendum
511 2184 688 2245 necessaria
724 2182 860 2258 videtur,
895 2184 940 2245 ila
967 2182 1068 2245 oratio
1098 2181 1197 2263 polita
1227 2184 1260 2243 et

138 2287 270 2349 congrua
293 2266 484 2348 dignitatern
509 2272 541 2329 et
563 2269 698 2347 gratiam
723 2268 827 2350 legum
851 2267 991 2349 augebit.
1027 2267 1257 2331 inurbanum

138 2351 230 2428 redeo,
255 2351 347 2434 cnjus
369 2350 488 2427 literae,
517 2356 553 2415 ut
576 2353 653 2426 dixi,
681 2352 816 2416 fideliter
846 2354 1005 2435 dispensa.
1054 2353 1157 2434 Atque
1180 2351 1258 2414 baec

141 2437 208 2502 mihi
230 2436 293 2501 fuit
317 2436 459 2502 materia.
506 2437 587 2514 Quia
609 2443 644 2502 tu
668 2439 795 2502 stoicari
820 2437 867 2501 vis
890 2444 922 2501 et
938 2437 1076 2501 breviter
1097 2438 1186 2521 loqui
1208 2437 1257 2499 vel

139 2524 235 2603 potins
257 2528 295 2587 ut
316 2523 364 2586 ita
386 2521 489 2586 dicam
512 2524 778 2607 pythagorissare,
805 2521 938 2587 habebis
967 2523 1061 2606 hujus
1092 2546 1141 2587 me
1165 2522 1257 2586 insti·

141 2609 193 2672 tuli
214 2608 262 2672 tui
285 2609 417 2672 socium.
464 2606 506 2671 lt
528 2609 554 2673 si
571 2608 645 2673 stilo
668 2609 859 2690 indulgeres,
882 2610 1096 2673 academicum
1121 2614 1153 2673 et
1175 2609 1258 2690 peri·

144 2694 302 2774 pateticum
329 2714 378 2756 me
401 2693 545 2758 lacerem.
591 2694 675 2758 Vale.
724 2694 770 2758 Ex
793 2694 900 2760 (iotha
921 2696 1009 2761 coelo
1034 2696 1154 2760 nivoso.

229 2791 454 2849 &auum

147 2976 246 3050 (Gotho)
654 2971 724 3034 114.
1002 2987 1133 3057 (summer
1152 2985 1261 3055 1509.)¹

484 3096 630 3168 Mutian
652 3118 701 3167 an
723 3098 908 3168 Harbord.

172 3219 269 3284 (Man
285 3223 344 3276 rard
359 3223 436 3277 Ruin
452 3225 544 3278 wellen
561 3226 604 3278 die
621 3226 810 3294 Bumaepeble
827 3226 859 3279 ia
876 3225 1075 3280 Holenlrirrben
1092 3224 1224 3278 amaea.

204 3332 207 3335 v
232 3291 330 3345 Schera
347 3291 411 3345 dher
428 3291 506 3345 deren
522 3293 707 3362 Beyeismmq
725 3295 782 3347 und
798 3295 861 3348 uber
878 3295 976 3348 Fucb'e
998 3294 1163 3362 domitent.)

189 3403 295 3456 llobssl
311 3404 496 3456 Herebordo
514 3407 698 3468 largae-lto,
716 3410 799 3458 eoclo
817 3409 1006 3469 tranquillae
1024 3407 1201 3458 sodalitatis

600 3490 655 3560 (M.
672 3492 796 3560 Rufus).

231 3597 263 3662 S.
310 3599 461 3682 Spectere
483 3603 628 3683 gestiunt
651 3604 742 3668 ludos
774 3605 946 3686 paganicos
970 3605 1002 3667 in
1026 3604 1095 3666 vico
1120 3603 1260 3686 Spalati-

143 3680 203 3746 111ι
233 3684 417 3749 Raineneis⁴
447 3692 480 3748 et
505 3686 681 3766 Eobanue⁵‚
716 3712 819 3753 rarum
851 3711 908 3771 par
937 3690 1105 3753 amicitiae.
1152 3689 1262 3771 Neque

141 3769 272 3844 gestiunt
299 3770 413 3842 solum,
441 3772 497 3835 sed
524 3795 621 3855 prope
653 3775 774 3839 saliunt
804 3775 889 3838 velut
921 3798 1053 3838 examen
1087 3796 1259 3839 cervorum.

140 3850 240 3933 Agunt
262 3855 300 3918 de
324 3855 459 3937 pedibus
481 3859 549 3920 sine
573 3860 717 3939 pedibuS,
741 3862 794 3923 sed
821 3882 881 3924 non
908 3861 977 3923 sine
1000 3861 1149 3925 testibus,
1184 3861 1261 3925 Pro-

202 4007 209 4038 ¹
228 3996 303 4059 Uber
320 4007 425 4061 Urbana
442 4007 592 4062 Promotion
611 4027 671 4062 zum
689 4011 815 4079 Magister
832 4029 852 4065 a.
871 4011 896 4064 S.
920 4013 976 4067 107.
1048 4016 1057 4043 ²
1075 4011 1158 4065 Nioht
1175 4014 1263 4078 spiter

134 4071 168 4150 als
186 4075 261 4142 1509,
280 4074 341 4128 weil
358 4075 447 4154 Eobep
465 4076 492 4128 in
511 4077 610 4154 diesem
621 4079 702 4132 Jahre
715 4080 833 4200 (Herbstp
852 4080 941 4132 Erlurt
959 4080 1075 4133 verlioss.
1131 4080 1261 4134 ³Hohen·

133 4139 245 4207 brahen,
277 4159 319 4196 wo
341 4142 359 4197 8
380 4143 459 4196 aleten
483 4149 534 4198 eeit
556 4148 622 4200 1507
649 4149 707 4200 eine
733 4149 814 4201 Plriin
834 4165 848 4200 e
872 4149 970 4201 besass.
1042 4149 1120 4201 *ain
1142 4148 1262 4202 Erturter

131 4207 238 4274 hund,
256 4211 325 4288 noob
344 4215 374 4289 0Ι
396 4228 410 4264 r
427 4213 480 4264 und
498 4218 564 4267 stols
582 4215 620 4266 ala
636 4215 773 4269 Rainensis
793 4217 950 4284 autgeldhrt.
987 4217 1170 4285 Ludwigvom
1184 4217 1261 4286 Rayn

132 4292 183 4332 var
199 4279 331 4333 enblooh.
342 4279 470 4333 Vicedorn
483 4283 630 4344 1504-323
651 4284 820 4337 inrmetrilrul.
836 4285 916 4338 1500:
929 4285 1262 4354 »erdeii·icus1endergut

129 4345 256 4469 11οέιῶ11
274 4347 340 4426 (jam
359 4364 427 4401 anno
444 4350 571 4403 vicesimo
591 4352 618 4402 in
636 4352 748 4421 Cuburg
766 4355 801 4417 (1)
819 4354 1034 4406 reverendissimi
1053 4353 1262 4420 Moguuliuensis

127 4430 153 4467 ru
194 4483 201 4494 ·
244 4415 332 4494 rdrel«.
357 4416 607 4484 Weissenborn,
628 4420 685 4471 Akt.
705 4421 830 4474 d.Un.E.
851 4421 885 4474 ΙΙ.
906 4421 1260 4487 1111111881,8.218.Ι)11

125 4480 249 4537 Matrrkel
270 4483 360 4552 bnngt
376 4501 428 4538 von
442 4486 594 4540 demselben
607 4488 711 4540 Numen
729 4490 1005 4544 diewunderliehsten
1024 4490 1143 4545 Formen.
1169 4491 1199 4543 In
1215 4491 1262 4542 der

124 4550 196 4607 lira
214 4551 265 4605 dor
281 4550 387 4607 Beeoal.
407 4554 487 4608 1500:
512 4554 649 4624 »lodewig
666 4557 769 4611 Iender
786 4563 827 4611 ert
844 4559 877 4611 de
895 4559 934 4612 Re
972 4578 996 4625 «3
1013 4559 1041 4612 in
1059 4559 1106 4612 der
1124 4558 1196 4612 Lista
1214 4558 1261 4612 der

123 4614 251 4691 Uele
268 4618 350 4677 loeo:
371 4620 534 4678 »Moriens
550 4623 702 4694 bndngut
719 4627 752 4680 de
769 4574 859 4682 liuius
912 4630 923 4661 ⁶
959 4643 1034 4683 auus
1051 4627 1077 4682 8.
1097 4627 1131 4682 68
1148 4629 1180 4682 l.
1199 4625 1224 4682 2.
