<?xml version="1.0" encoding="UTF-8"?>
<!DOCTYPE html PUBLIC "-//W3C//DTD XHTML 1.0 Transitional//EN"
    "http://www.w3.org/TR/xhtml1/DTD/xhtml1-transitional.dtd">
<html xmlns="http://www.w3.org/1999/xhtml" xml:lang="en" lang="en">
 <head>
  <title>
</title>
<meta http-equiv="Content-Type" content="text/html;charset=utf-8" />
  <meta name='ocr-system' content='tesseract 3.04.00' />
  <meta name='ocr-capabilities' content='ocr_page ocr_carea ocr_par ocr_line ocrx_word'/>
</head>
<body>
  <div class='ocr_page' id='page_1' title='image "./derbriefwechsel00kraugoog_0564.png"; bbox 0 0 2774 4966; ppageno 0'>
   <div class='ocr_carea' id='block_1_1' title="bbox 562 629 1264 707">
    <p class='ocr_par' dir='ltr' id='par_1_1' title="bbox 562 629 1264 707">
     <span class='ocr_line' id='line_1_1' title="bbox 562 629 1264 707; baseline 0.024 -17"><span class='ocrx_word' id='word_1_1' title='bbox 562 629 667 691; x_wconf 80' lang='lat' dir='ltr'>Mutian</span> <span class='ocrx_word' id='word_1_2' title='bbox 685 653 718 691; x_wconf 84' lang='lat' dir='ltr'>en</span> <span class='ocrx_word' id='word_1_3' title='bbox 737 630 838 694; x_wconf 79' lang='lat' dir='ltr'>Uiben.</span> <span class='ocrx_word' id='word_1_4' title='bbox 1200 642 1264 707; x_wconf 83' lang='lat'>477</span> 
     </span>
    </p>
   </div>
   <div class='ocr_carea' id='block_1_2' title="bbox 135 807 1264 980">
    <p class='ocr_par' dir='ltr' id='par_1_2' title="bbox 135 807 1264 980">
     <span class='ocr_line' id='line_1_2' title="bbox 135 807 1264 888; baseline 0.002 -14"><span class='ocrx_word' id='word_1_5' title='bbox 135 807 309 876; x_wconf 88' lang='lat' dir='ltr'>Duronius&#39;</span> <span class='ocrx_word' id='word_1_6' title='bbox 344 808 517 874; x_wconf 77' lang='lat' dir='ltr'><strong>Vestalium</strong></span> <span class='ocrx_word' id='word_1_7' title='bbox 549 809 690 873; x_wconf 83' lang='lat' dir='ltr'>rationes</span> <span class='ocrx_word' id='word_1_8' title='bbox 723 809 766 873; x_wconf 89' lang='lat' dir='ltr'>sit</span> <span class='ocrx_word' id='word_1_9' title='bbox 797 809 975 888; x_wconf 77' lang='lat' dir='ltr'>auditurus,</span> <span class='ocrx_word' id='word_1_10' title='bbox 1008 813 1046 874; x_wconf 88' lang='lat' dir='ltr'>ut</span> <span class='ocrx_word' id='word_1_11' title='bbox 1076 813 1165 875; x_wconf 85' lang='lat' dir='ltr'>tuem</span> <span class='ocrx_word' id='word_1_12' title='bbox 1199 834 1264 877; x_wconf 87' lang='lat' dir='ltr'>rem</span> 
     </span>
     <span class='ocr_line' id='line_1_3' title="bbox 135 893 1263 980; baseline -0.001 -19"><span class='ocrx_word' id='word_1_13' title='bbox 135 919 287 980; x_wconf 83' lang='lat' dir='ltr'>praesens</span> <span class='ocrx_word' id='word_1_14' title='bbox 324 916 428 977; x_wconf 80' lang='lat' dir='ltr'>agam.</span> <span class='ocrx_word' id='word_1_15' title='bbox 474 893 566 958; x_wconf 88' lang='lat' dir='ltr'>Tueri</span> <span class='ocrx_word' id='word_1_16' title='bbox 602 895 684 958; x_wconf 88' lang='lat' dir='ltr'>enim</span> <span class='ocrx_word' id='word_1_17' title='bbox 720 899 752 958; x_wconf 88' lang='lat' dir='ltr'>et</span> <span class='ocrx_word' id='word_1_18' title='bbox 783 916 895 958; x_wconf 88' lang='lat' dir='ltr'>ornare</span> <span class='ocrx_word' id='word_1_19' title='bbox 927 900 959 959; x_wconf 87' lang='lat' dir='ltr'>te</span> <span class='ocrx_word' id='word_1_20' title='bbox 992 895 1092 960; x_wconf 90' lang='lat' dir='ltr'>debeo</span> <span class='ocrx_word' id='word_1_21' title='bbox 1122 901 1155 961; x_wconf 88' lang='lat' dir='ltr'>et</span> <span class='ocrx_word' id='word_1_22' title='bbox 1181 898 1263 963; x_wconf 83' lang='lat' dir='ltr'>vole.</span> 
     </span>
    </p>
   </div>
   <div class='ocr_carea' id='block_1_3' title="bbox 69 981 1265 1474">
    <p class='ocr_par' dir='ltr' id='par_1_3' title="bbox 69 981 1265 1387">
     <span class='ocr_line' id='line_1_4' title="bbox 135 981 1263 1063; baseline 0.002 -18"><span class='ocrx_word' id='word_1_23' title='bbox 135 983 189 1047; x_wconf 81' lang='lat' dir='ltr'>Ait</span> <span class='ocrx_word' id='word_1_24' title='bbox 213 982 346 1045; x_wconf 87' lang='lat' dir='ltr'>Publius</span> <span class='ocrx_word' id='word_1_25' title='bbox 369 981 515 1063; x_wconf 82' lang='lat' dir='ltr'>nupsisse</span> <span class='ocrx_word' id='word_1_26' title='bbox 539 985 670 1044; x_wconf 82' lang='lat' dir='ltr'>matrem</span> <span class='ocrx_word' id='word_1_27' title='bbox 693 981 831 1043; x_wconf 85' lang='lat' dir='ltr'>secondo</span> <span class='ocrx_word' id='word_1_28' title='bbox 852 981 966 1044; x_wconf 87' lang='lat' dir='ltr'>marito</span> <span class='ocrx_word' id='word_1_29' title='bbox 983 987 1014 1044; x_wconf 88' lang='lat' dir='ltr'>et</span> <span class='ocrx_word' id='word_1_30' title='bbox 1030 1003 1099 1045; x_wconf 87' lang='lat' dir='ltr'>esse</span> <span class='ocrx_word' id='word_1_31' title='bbox 1115 982 1263 1047; x_wconf 80' lang='lat' dir='ltr'>feminam</span> 
     </span>
     <span class='ocr_line' id='line_1_5' title="bbox 69 1065 1265 1147; baseline 0.002 -17"><span class='ocrx_word' id='word_1_32' title='bbox 69 1079 72 1086; x_wconf 88' lang='lat'>&#39;</span> <span class='ocrx_word' id='word_1_33' title='bbox 133 1068 270 1131; x_wconf 86' lang='lat' dir='ltr'>salacem</span> <span class='ocrx_word' id='word_1_34' title='bbox 303 1073 335 1128; x_wconf 85' lang='lat' dir='ltr'>et</span> <span class='ocrx_word' id='word_1_35' title='bbox 365 1070 571 1147; x_wconf 84' lang='lat' dir='ltr'>perastutam.</span> <span class='ocrx_word' id='word_1_36' title='bbox 620 1065 743 1128; x_wconf 88' lang='lat' dir='ltr'>Timere</span> <span class='ocrx_word' id='word_1_37' title='bbox 772 1089 815 1140; x_wconf 74' lang='lat' dir='ltr'>se,</span> <span class='ocrx_word' id='word_1_38' title='bbox 848 1089 887 1129; x_wconf 88' lang='lat' dir='ltr'>ne</span> <span class='ocrx_word' id='word_1_39' title='bbox 916 1089 991 1129; x_wconf 84' lang='lat' dir='ltr'>suas</span> <span class='ocrx_word' id='word_1_40' title='bbox 1024 1069 1145 1131; x_wconf 80' lang='lat' dir='ltr'>reculas</span> <span class='ocrx_word' id='word_1_41' title='bbox 1167 1071 1265 1132; x_wconf 87' lang='lat' dir='ltr'>inter-</span> 
     </span>
     <span class='ocr_line' id='line_1_6' title="bbox 134 1150 1264 1235; baseline 0.001 -19"><span class='ocrx_word' id='word_1_42' title='bbox 134 1152 258 1235; x_wconf 83' lang='lat' dir='ltr'>cipiet.²</span> <span class='ocrx_word' id='word_1_43' title='bbox 306 1150 391 1214; x_wconf 86' lang='lat' dir='ltr'>Petit</span> <span class='ocrx_word' id='word_1_44' title='bbox 412 1150 603 1215; x_wconf 80' lang='lat' dir='ltr'>consilinm·</span> <span class='ocrx_word' id='word_1_45' title='bbox 637 1151 728 1228; x_wconf 80' lang='lat' dir='ltr'>Audi,</span> <span class='ocrx_word' id='word_1_46' title='bbox 761 1157 792 1214; x_wconf 88' lang='lat' dir='ltr'>et</span> <span class='ocrx_word' id='word_1_47' title='bbox 822 1152 898 1232; x_wconf 88' lang='lat' dir='ltr'>quid</span> <span class='ocrx_word' id='word_1_48' title='bbox 931 1152 990 1214; x_wconf 84' lang='lat' dir='ltr'>libi</span> <span class='ocrx_word' id='word_1_49' title='bbox 1015 1153 1160 1217; x_wconf 79' lang='lat' dir='ltr'>rideatur</span> <span class='ocrx_word' id='word_1_50' title='bbox 1183 1159 1214 1217; x_wconf 83' lang='lat' dir='ltr'>et</span> <span class='ocrx_word' id='word_1_51' title='bbox 1236 1156 1264 1217; x_wconf 89' lang='lat' dir='ltr'>si</span> 
     </span>
     <span class='ocr_line' id='line_1_7' title="bbox 133 1237 1263 1320; baseline 0.002 -19"><span class='ocrx_word' id='word_1_52' title='bbox 133 1239 210 1320; x_wconf 93' lang='lat' dir='ltr'>quid</span> <span class='ocrx_word' id='word_1_53' title='bbox 234 1237 391 1317; x_wconf 89' lang='lat' dir='ltr'>estquod</span> <span class='ocrx_word' id='word_1_54' title='bbox 416 1241 511 1317; x_wconf 84' lang='lat' dir='ltr'>putas</span> <span class='ocrx_word' id='word_1_55' title='bbox 536 1258 606 1298; x_wconf 81' lang='lat' dir='ltr'>eum</span> <span class='ocrx_word' id='word_1_56' title='bbox 639 1237 719 1299; x_wconf 84' lang='lat' dir='ltr'>scire</span> <span class='ocrx_word' id='word_1_57' title='bbox 750 1244 895 1319; x_wconf 78' lang='lat' dir='ltr'>oportere</span> <span class='ocrx_word' id='word_1_58' title='bbox 925 1243 982 1300; x_wconf 86' lang='lat' dir='ltr'>aut</span> <span class='ocrx_word' id='word_1_59' title='bbox 1012 1237 1124 1318; x_wconf 86' lang='lat' dir='ltr'>lacere,</span> <span class='ocrx_word' id='word_1_60' title='bbox 1155 1240 1263 1304; x_wconf 89' lang='lat' dir='ltr'>dicito.</span> 
     </span>
     <span class='ocr_line' id='line_1_8' title="bbox 134 1323 381 1387; baseline -0.012 0"><span class='ocrx_word' id='word_1_61' title='bbox 134 1324 209 1387; x_wconf 85' lang='lat' dir='ltr'>Vale</span> <span class='ocrx_word' id='word_1_62' title='bbox 231 1328 263 1387; x_wconf 85' lang='lat' dir='ltr'>et</span> <span class='ocrx_word' id='word_1_63' title='bbox 285 1323 381 1386; x_wconf 86' lang='lat' dir='ltr'>salve.</span> 
     </span>
    </p>

    <p class='ocr_par' dir='ltr' id='par_1_4' title="bbox 295 1418 520 1474">
     <span class='ocr_line' id='line_1_9' title="bbox 295 1418 520 1474; baseline 0 0"><span class='ocrx_word' id='word_1_64' title='bbox 295 1420 357 1474; x_wconf 84' lang='lat' dir='ltr'>Cod.</span> <span class='ocrx_word' id='word_1_65' title='bbox 375 1418 442 1474; x_wconf 83' lang='lat' dir='ltr'>Frcl.</span> <span class='ocrx_word' id='word_1_66' title='bbox 462 1418 520 1474; x_wconf 82' lang='lat'><strong>383.</strong></span> 
     </span>
    </p>
   </div>
   <div class='ocr_carea' id='block_1_4' title="bbox 132 1591 1265 1688">
    <p class='ocr_par' dir='ltr' id='par_1_5' title="bbox 132 1591 1265 1688">
     <span class='ocr_line' id='line_1_10' title="bbox 132 1591 1265 1688; baseline 0.002 -26"><span class='ocrx_word' id='word_1_67' title='bbox 132 1608 247 1679; x_wconf 65' lang='lat' dir='ltr'>(sothe.)</span> <span class='ocrx_word' id='word_1_68' title='bbox 661 1591 734 1655; x_wconf 88' lang='grc'>409.</span> <span class='ocrx_word' id='word_1_69' title='bbox 951 1607 1010 1678; x_wconf 79' lang='lat' dir='ltr'>(vor</span> <span class='ocrx_word' id='word_1_70' title='bbox 1028 1609 1069 1688; x_wconf 87' lang='lat'>13.</span> <span class='ocrx_word' id='word_1_71' title='bbox 1087 1608 1158 1678; x_wconf 71' lang='lat' dir='ltr'>sept.</span> <span class='ocrx_word' id='word_1_72' title='bbox 1179 1612 1265 1681; x_wconf 78' lang='lat'>1514.)</span> 
     </span>
    </p>
   </div>
   <div class='ocr_carea' id='block_1_5' title="bbox 317 1716 1076 1914">
    <p class='ocr_par' dir='ltr' id='par_1_6' title="bbox 317 1716 1076 1914">
     <span class='ocr_line' id='line_1_11' title="bbox 507 1716 888 1787; baseline 0.003 -1"><span class='ocrx_word' id='word_1_73' title='bbox 507 1716 653 1787; x_wconf 83' lang='lat' dir='ltr'>lllntion</span> <span class='ocrx_word' id='word_1_74' title='bbox 676 1737 725 1785; x_wconf 85' lang='lat' dir='ltr'>an</span> <span class='ocrx_word' id='word_1_75' title='bbox 748 1716 888 1787; x_wconf 80' lang='lat' dir='ltr'>Uiben.</span> 
     </span>
     <span class='ocr_line' id='line_1_12' title="bbox 317 1845 1076 1914; baseline 0.001 -17"><span class='ocrx_word' id='word_1_76' title='bbox 317 1845 444 1912; x_wconf 78' lang='lat' dir='ltr'>(Publius</span> <span class='ocrx_word' id='word_1_77' title='bbox 463 1845 512 1897; x_wconf 78' lang='lat' dir='ltr'>mil</span> <span class='ocrx_word' id='word_1_78' title='bbox 530 1845 615 1897; x_wconf 70' lang='lat' dir='ltr'>cirtem.</span> <span class='ocrx_word' id='word_1_79' title='bbox 632 1845 763 1914; x_wconf 74' lang='lat' dir='ltr'>Arrslrupi·</span> <span class='ocrx_word' id='word_1_80' title='bbox 780 1862 818 1898; x_wconf 80' lang='lat' dir='ltr'>arr</span> <span class='ocrx_word' id='word_1_81' title='bbox 841 1845 931 1898; x_wconf 62' lang='lat' dir='ltr'>tiburi</span> <span class='ocrx_word' id='word_1_82' title='bbox 947 1847 1076 1913; x_wconf 75' lang='lat' dir='ltr'>prsuirdt.)</span> 
     </span>
    </p>
   </div>
   <div class='ocr_carea' id='block_1_6' title="bbox 349 1959 1040 2020">
    <p class='ocr_par' dir='ltr' id='par_1_7' title="bbox 349 1959 1040 2020">
     <span class='ocr_line' id='line_1_13' title="bbox 349 1959 1040 2020; baseline 0 -10"><span class='ocrx_word' id='word_1_83' title='bbox 349 1959 508 2020; x_wconf 73' lang='lat' dir='ltr'>Singulari</span> <span class='ocrx_word' id='word_1_84' title='bbox 526 1970 581 2009; x_wconf 87' lang='lat' dir='ltr'>suo</span> <span class='ocrx_word' id='word_1_85' title='bbox 600 1971 702 2019; x_wconf 75' lang='lat' dir='ltr'>papae</span> <span class='ocrx_word' id='word_1_86' title='bbox 720 1959 848 2010; x_wconf 71' lang='lat' dir='ltr'>Urbano</span> <span class='ocrx_word' id='word_1_87' title='bbox 867 1961 911 2010; x_wconf 78' lang='lat' dir='ltr'>M.</span> <span class='ocrx_word' id='word_1_88' title='bbox 929 1959 1040 2010; x_wconf 77' lang='lat' dir='ltr'>Rufus.</span> 
     </span>
    </p>
   </div>
   <div class='ocr_carea' id='block_1_7' title="bbox 132 2069 1261 2220">
    <p class='ocr_par' dir='ltr' id='par_1_8' title="bbox 132 2069 1261 2220">
     <span class='ocr_line' id='line_1_14' title="bbox 237 2069 1261 2153; baseline 0.004 -19"><span class='ocrx_word' id='word_1_89' title='bbox 237 2069 341 2135; x_wconf 88' lang='lat' dir='ltr'>Salus.</span> <span class='ocrx_word' id='word_1_90' title='bbox 391 2071 479 2135; x_wconf 90' lang='lat' dir='ltr'>Unus</span> <span class='ocrx_word' id='word_1_91' title='bbox 517 2070 651 2133; x_wconf 85' lang='lat' dir='ltr'>Publius</span> <span class='ocrx_word' id='word_1_92' title='bbox 688 2072 731 2134; x_wconf 88' lang='lat' dir='ltr'>sit</span> <span class='ocrx_word' id='word_1_93' title='bbox 769 2072 828 2135; x_wconf 87' lang='lat' dir='ltr'>libi</span> <span class='ocrx_word' id='word_1_94' title='bbox 863 2093 918 2153; x_wconf 88' lang='lat' dir='ltr'>pro</span> <span class='ocrx_word' id='word_1_95' title='bbox 957 2079 1083 2135; x_wconf 87' lang='lat' dir='ltr'>centum</span> <span class='ocrx_word' id='word_1_96' title='bbox 1123 2074 1261 2138; x_wconf 87' lang='lat' dir='ltr'>milibus.</span> 
     </span>
     <span class='ocr_line' id='line_1_15' title="bbox 132 2155 876 2220; baseline 0.001 -2"><span class='ocrx_word' id='word_1_97' title='bbox 132 2156 219 2220; x_wconf 87' lang='lat' dir='ltr'>Adeo</span> <span class='ocrx_word' id='word_1_98' title='bbox 242 2157 325 2220; x_wconf 89' lang='lat' dir='ltr'>fidus</span> <span class='ocrx_word' id='word_1_99' title='bbox 348 2162 497 2220; x_wconf 80' lang='lat' dir='ltr'>etvetus</span> <span class='ocrx_word' id='word_1_100' title='bbox 520 2161 578 2220; x_wconf 85' lang='lat' dir='ltr'>est.</span> <span class='ocrx_word' id='word_1_101' title='bbox 624 2155 699 2219; x_wconf 77' lang='lat' dir='ltr'>Vale</span> <span class='ocrx_word' id='word_1_102' title='bbox 723 2161 754 2219; x_wconf 89' lang='lat' dir='ltr'>et</span> <span class='ocrx_word' id='word_1_103' title='bbox 777 2156 876 2219; x_wconf 69' lang='lat' dir='ltr'>frudi.³</span> 
     </span>
    </p>
   </div>
   <div class='ocr_carea' id='block_1_8' title="bbox 285 2256 510 2311">
    <p class='ocr_par' dir='ltr' id='par_1_9' title="bbox 285 2256 510 2311">
     <span class='ocr_line' id='line_1_16' title="bbox 285 2256 510 2311; baseline 0 -2"><span class='ocrx_word' id='word_1_104' title='bbox 285 2256 347 2311; x_wconf 87' lang='lat' dir='ltr'>Cod.</span> <span class='ocrx_word' id='word_1_105' title='bbox 366 2256 433 2309; x_wconf 86' lang='lat' dir='ltr'>Frcl.</span> <span class='ocrx_word' id='word_1_106' title='bbox 452 2256 510 2309; x_wconf 81' lang='lat'>384.</span> 
     </span>
    </p>
   </div>
   <div class='ocr_carea' id='block_1_9' title="bbox 130 2428 1261 2514">
    <p class='ocr_par' dir='ltr' id='par_1_10' title="bbox 130 2428 1261 2514">
     <span class='ocr_line' id='line_1_17' title="bbox 130 2428 1261 2514; baseline 0.002 -16"><span class='ocrx_word' id='word_1_107' title='bbox 130 2444 248 2513; x_wconf 76' lang='lat' dir='ltr'>(oona.)</span> <span class='ocrx_word' id='word_1_108' title='bbox 658 2428 730 2492; x_wconf 88' lang='lat'>410.</span> <span class='ocrx_word' id='word_1_109' title='bbox 1015 2445 1054 2500; x_wconf 86' lang='lat'>13.</span> <span class='ocrx_word' id='word_1_110' title='bbox 1073 2443 1143 2513; x_wconf 74' lang='lat' dir='ltr'>sept.</span> <span class='ocrx_word' id='word_1_111' title='bbox 1163 2446 1261 2514; x_wconf 80' lang='lat'>(1514).</span> 
     </span>
    </p>
   </div>
   <div class='ocr_carea' id='block_1_10' title="bbox 509 2550 887 2624">
    <p class='ocr_par' dir='ltr' id='par_1_11' title="bbox 509 2550 887 2624">
     <span class='ocr_line' id='line_1_18' title="bbox 509 2550 887 2624; baseline -0.008 -1"><span class='ocrx_word' id='word_1_112' title='bbox 509 2553 656 2624; x_wconf 85' lang='lat' dir='ltr'>lllutien</span> <span class='ocrx_word' id='word_1_113' title='bbox 678 2573 727 2622; x_wconf 86' lang='lat' dir='ltr'>an</span> <span class='ocrx_word' id='word_1_114' title='bbox 748 2550 887 2622; x_wconf 83' lang='lat' dir='ltr'>Urban.</span> 
     </span>
    </p>
   </div>
   <div class='ocr_carea' id='block_1_11' title="bbox 130 2679 1262 2885">
    <p class='ocr_par' dir='ltr' id='par_1_12' title="bbox 130 2679 1262 2885">
     <span class='ocr_line' id='line_1_19' title="bbox 131 2679 1261 2748; baseline 0.001 -14"><span class='ocrx_word' id='word_1_115' title='bbox 131 2681 246 2748; x_wconf 75' lang='lat' dir='ltr'>(ll&#39;urde</span> <span class='ocrx_word' id='word_1_116' title='bbox 263 2681 337 2734; x_wconf 75' lang='lat' dir='ltr'>m&#39;clil</span> <span class='ocrx_word' id='word_1_117' title='bbox 355 2699 406 2734; x_wconf 83' lang='lat' dir='ltr'>ron</span> <span class='ocrx_word' id='word_1_118' title='bbox 424 2682 470 2734; x_wconf 81' lang='lat' dir='ltr'>der</span> <span class='ocrx_word' id='word_1_119' title='bbox 487 2681 667 2734; x_wconf 77' lang='lat' dir='ltr'>Anrccscnlieil</span> <span class='ocrx_word' id='word_1_120' title='bbox 690 2681 734 2733; x_wconf 77' lang='lat' dir='ltr'>des</span> <span class='ocrx_word' id='word_1_121' title='bbox 757 2679 835 2733; x_wconf 82' lang='lat' dir='ltr'>Ablcs</span> <span class='ocrx_word' id='word_1_122' title='bbox 858 2680 899 2731; x_wconf 74' lang='lat' dir='ltr'>iiii</span> <span class='ocrx_word' id='word_1_123' title='bbox 922 2679 1129 2734; x_wconf 72' lang='lat' dir='ltr'>Nmincnkloslcr</span> <span class='ocrx_word' id='word_1_124' title='bbox 1152 2682 1261 2735; x_wconf 72' lang='lat' dir='ltr'>herucli-</span> 
     </span>
     <span class='ocr_line' id='line_1_20' title="bbox 130 2748 1262 2818; baseline 0.002 -16"><span class='ocrx_word' id='word_1_125' title='bbox 130 2750 248 2818; x_wconf 77' lang='lat' dir='ltr'>ri&#39;rbli&#39;pl,</span> <span class='ocrx_word' id='word_1_126' title='bbox 266 2750 322 2801; x_wconf 73' lang='lat' dir='ltr'>will</span> <span class='ocrx_word' id='word_1_127' title='bbox 340 2751 402 2801; x_wconf 72' lang='lat' dir='ltr'>iiber</span> <span class='ocrx_word' id='word_1_128' title='bbox 419 2750 559 2802; x_wconf 78' lang='lat' dir='ltr'>ridelislcris</span> <span class='ocrx_word' id='word_1_129' title='bbox 577 2767 641 2802; x_wconf 69' lang='lat' dir='ltr'>vrrnn</span> <span class='ocrx_word' id='word_1_130' title='bbox 660 2749 731 2812; x_wconf 73' lang='lat' dir='ltr'>Alie,</span> <span class='ocrx_word' id='word_1_131' title='bbox 749 2750 795 2801; x_wconf 82' lang='lat' dir='ltr'>der</span> <span class='ocrx_word' id='word_1_132' title='bbox 813 2748 869 2800; x_wconf 77' lang='lat' dir='ltr'>iiim</span> <span class='ocrx_word' id='word_1_133' title='bbox 888 2748 930 2800; x_wconf 77' lang='lat' dir='ltr'>‹li&#39;e</span> <span class='ocrx_word' id='word_1_134' title='bbox 946 2749 1106 2816; x_wconf 73' lang='lat' dir='ltr'>sophisticae</span> <span class='ocrx_word' id='word_1_135' title='bbox 1130 2751 1262 2804; x_wconf 68' lang='lat' dir='ltr'>Eluilalcs</span> 
     </span>
     <span class='ocr_line' id='line_1_21' title="bbox 407 2817 986 2885; baseline 0 -17"><span class='ocrx_word' id='word_1_136' title='bbox 407 2819 552 2885; x_wconf 69' lang='lat' dir='ltr'>pcsrhcnli,</span> <span class='ocrx_word' id='word_1_137' title='bbox 572 2836 618 2870; x_wconf 77' lang='lat' dir='ltr'>om</span> <span class='ocrx_word' id='word_1_138' title='bbox 636 2817 684 2884; x_wconf 66' lang='lat' dir='ltr'>fiir</span> <span class='ocrx_word' id='word_1_139' title='bbox 708 2817 799 2869; x_wconf 64' lang='lat' dir='ltr'>l&#39;rbun</span> <span class='ocrx_word' id='word_1_140' title='bbox 816 2833 852 2869; x_wconf 68' lang='lat' dir='ltr'>xri</span> <span class='ocrx_word' id='word_1_141' title='bbox 870 2817 986 2879; x_wconf 70' lang='lat' dir='ltr'>errem)</span> 
     </span>
    </p>
   </div>
   <div class='ocr_carea' id='block_1_12' title="bbox 344 2930 1040 2983">
    <p class='ocr_par' dir='ltr' id='par_1_13' title="bbox 344 2930 1040 2983">
     <span class='ocr_line' id='line_1_22' title="bbox 344 2930 1040 2983; baseline -0.004 0"><span class='ocrx_word' id='word_1_142' title='bbox 344 2933 568 2983; x_wconf 79' lang='lat' dir='ltr'>Amantissimo</span> <span class='ocrx_word' id='word_1_143' title='bbox 587 2945 643 2983; x_wconf 90' lang='lat' dir='ltr'>suo</span> <span class='ocrx_word' id='word_1_144' title='bbox 661 2933 703 2982; x_wconf 85' lang='grc' dir='ltr'>Η.</span> <span class='ocrx_word' id='word_1_145' title='bbox 721 2931 850 2982; x_wconf 74' lang='lat' dir='ltr'>Urbano</span> <span class='ocrx_word' id='word_1_146' title='bbox 867 2932 912 2980; x_wconf 84' lang='grc' dir='ltr'>Μ.</span> <span class='ocrx_word' id='word_1_147' title='bbox 929 2930 1040 2981; x_wconf 77' lang='lat' dir='ltr'>Rufus.</span> 
     </span>
    </p>
   </div>
   <div class='ocr_carea' id='block_1_13' title="bbox 77 3040 1262 4065">
    <p class='ocr_par' dir='ltr' id='par_1_14' title="bbox 77 3040 1262 4065">
     <span class='ocr_line' id='line_1_23' title="bbox 232 3040 1261 3126; baseline 0.001 -19"><span class='ocrx_word' id='word_1_148' title='bbox 232 3042 264 3107; x_wconf 87' lang='lat' dir='ltr'>S.</span> <span class='ocrx_word' id='word_1_149' title='bbox 311 3042 392 3108; x_wconf 81' lang='lat' dir='ltr'>Fato</span> <span class='ocrx_word' id='word_1_150' title='bbox 415 3045 523 3107; x_wconf 90' lang='lat' dir='ltr'>nescio</span> <span class='ocrx_word' id='word_1_151' title='bbox 547 3064 610 3124; x_wconf 91' lang='lat' dir='ltr'>quo</span> <span class='ocrx_word' id='word_1_152' title='bbox 642 3042 815 3124; x_wconf 79' lang='lat' dir='ltr'>contigisse</span> <span class='ocrx_word' id='word_1_153' title='bbox 839 3040 993 3118; x_wconf 72' lang='lat' dir='ltr'>arbitror,</span> <span class='ocrx_word' id='word_1_154' title='bbox 1025 3045 1062 3105; x_wconf 93' lang='lat' dir='ltr'>ut</span> <span class='ocrx_word' id='word_1_155' title='bbox 1091 3045 1181 3126; x_wconf 87' lang='lat' dir='ltr'>pater</span> <span class='ocrx_word' id='word_1_156' title='bbox 1208 3044 1261 3109; x_wconf 90' lang='lat' dir='ltr'>ille</span> 
     </span>
     <span class='ocr_line' id='line_1_24' title="bbox 128 3127 1260 3210; baseline 0.004 -19"><span class='ocrx_word' id='word_1_157' title='bbox 128 3127 251 3192; x_wconf 67' lang='lat' dir='ltr'>noster⁸</span> <span class='ocrx_word' id='word_1_158' title='bbox 274 3127 386 3192; x_wconf 81' lang='lat' dir='ltr'>Vestes</span> <span class='ocrx_word' id='word_1_159' title='bbox 409 3128 512 3193; x_wconf 86' lang='lat' dir='ltr'>adiret</span> <span class='ocrx_word' id='word_1_160' title='bbox 535 3132 604 3193; x_wconf 87' lang='lat' dir='ltr'>sine</span> <span class='ocrx_word' id='word_1_161' title='bbox 627 3148 697 3191; x_wconf 86' lang='lat' dir='ltr'>ineo</span> <span class='ocrx_word' id='word_1_162' title='bbox 721 3131 913 3192; x_wconf 84' lang='lat' dir='ltr'>interventu.</span> <span class='ocrx_word' id='word_1_163' title='bbox 960 3127 1041 3191; x_wconf 88' lang='lat' dir='ltr'>Cum</span> <span class='ocrx_word' id='word_1_164' title='bbox 1056 3128 1121 3206; x_wconf 83' lang='lat' dir='ltr'>elii,</span> <span class='ocrx_word' id='word_1_165' title='bbox 1143 3129 1260 3210; x_wconf 88' lang='lat' dir='ltr'>quibus</span> 
     </span>
     <span class='ocr_line' id='line_1_25' title="bbox 128 3213 1261 3295; baseline 0.003 -19"><span class='ocrx_word' id='word_1_166' title='bbox 128 3214 312 3278; x_wconf 83' lang='lat' dir='ltr'>manderem</span> <span class='ocrx_word' id='word_1_167' title='bbox 344 3221 380 3278; x_wconf 85' lang='lat' dir='ltr'>ut</span> <span class='ocrx_word' id='word_1_168' title='bbox 410 3235 468 3277; x_wconf 90' lang='lat' dir='ltr'>nos</span> <span class='ocrx_word' id='word_1_169' title='bbox 496 3215 637 3278; x_wconf 84' lang='lat' dir='ltr'>lacerent</span> <span class='ocrx_word' id='word_1_170' title='bbox 665 3214 703 3277; x_wconf 90' lang='lat' dir='ltr'>de</span> <span class='ocrx_word' id='word_1_171' title='bbox 732 3214 919 3295; x_wconf 82' lang='lat' dir='ltr'>praesentia&#39;</span> <span class='ocrx_word' id='word_1_172' title='bbox 940 3213 1073 3277; x_wconf 89' lang='lat' dir='ltr'>Duronii</span> <span class='ocrx_word' id='word_1_173' title='bbox 1100 3214 1261 3295; x_wconf 82' lang='lat' dir='ltr'>certiores,</span> 
     </span>
     <span class='ocr_line' id='line_1_26' title="bbox 128 3298 1262 3383; baseline 0.003 -21"><span class='ocrx_word' id='word_1_174' title='bbox 128 3321 178 3362; x_wconf 88' lang='lat' dir='ltr'>mc</span> <span class='ocrx_word' id='word_1_175' title='bbox 200 3300 401 3383; x_wconf 76' lang='lat' dir='ltr'>deceperunt,</span> <span class='ocrx_word' id='word_1_176' title='bbox 430 3303 499 3364; x_wconf 85' lang='lat' dir='ltr'>turn</span> <span class='ocrx_word' id='word_1_177' title='bbox 529 3299 711 3363; x_wconf 84' lang='lat' dir='ltr'>Musardus⁵</span> <span class='ocrx_word' id='word_1_178' title='bbox 743 3298 918 3362; x_wconf 83' lang='lat' dir='ltr'>mehercule</span> <span class='ocrx_word' id='word_1_179' title='bbox 948 3298 1102 3362; x_wconf 86' lang='lat' dir='ltr'>Lotianae</span> <span class='ocrx_word' id='word_1_180' title='bbox 1132 3300 1262 3365; x_wconf 82' lang='lat' dir='ltr'>fraudu-</span> 
     </span>
     <span class='ocr_line' id='line_1_27' title="bbox 128 3384 1262 3469; baseline 0.004 -22"><span class='ocrx_word' id='word_1_181' title='bbox 128 3385 347 3449; x_wconf 74' lang='lat' dir='ltr'>lentiae...⁵</span> <span class='ocrx_word' id='word_1_182' title='bbox 377 3384 455 3449; x_wconf 90' lang='lat' dir='ltr'>nibil</span> <span class='ocrx_word' id='word_1_183' title='bbox 483 3386 521 3449; x_wconf 90' lang='lat' dir='ltr'>ad</span> <span class='ocrx_word' id='word_1_184' title='bbox 552 3408 600 3449; x_wconf 90' lang='lat' dir='ltr'>me</span> <span class='ocrx_word' id='word_1_185' title='bbox 623 3385 759 3467; x_wconf 87' lang='lat' dir='ltr'>scripsit.</span> <span class='ocrx_word' id='word_1_186' title='bbox 804 3384 840 3447; x_wconf 95' lang='lat' dir='ltr'>ln</span> <span class='ocrx_word' id='word_1_187' title='bbox 862 3404 926 3466; x_wconf 91' lang='lat' dir='ltr'>quo</span> <span class='ocrx_word' id='word_1_188' title='bbox 950 3385 1084 3448; x_wconf 85' lang='lat' dir='ltr'>multum</span> <span class='ocrx_word' id='word_1_189' title='bbox 1113 3407 1262 3469; x_wconf 80' lang='lat' dir='ltr'>peccasse</span> 
     </span>
     <span class='ocr_line' id='line_1_28' title="bbox 126 3469 1261 3553; baseline 0.004 -20"><span class='ocrx_word' id='word_1_190' title='bbox 126 3471 261 3535; x_wconf 83' lang='lat' dir='ltr'>videtur.</span> <span class='ocrx_word' id='word_1_191' title='bbox 307 3469 475 3535; x_wconf 88' lang='lat' dir='ltr'>lnvidebat</span> <span class='ocrx_word' id='word_1_192' title='bbox 497 3478 574 3553; x_wconf 89' lang='lat' dir='ltr'>puto</span> <span class='ocrx_word' id='word_1_193' title='bbox 598 3471 676 3534; x_wconf 90' lang='lat' dir='ltr'>mibi</span> <span class='ocrx_word' id='word_1_194' title='bbox 698 3471 823 3552; x_wconf 87' lang='lat' dir='ltr'>tibique</span> <span class='ocrx_word' id='word_1_195' title='bbox 853 3469 1039 3534; x_wconf 86' lang='lat' dir='ltr'>Duronium.</span> <span class='ocrx_word' id='word_1_196' title='bbox 1087 3471 1149 3534; x_wconf 87' lang='lat' dir='ltr'>Sed</span> <span class='ocrx_word' id='word_1_197' title='bbox 1179 3473 1261 3537; x_wconf 91' lang='lat' dir='ltr'>nihil</span> 
     </span>
     <span class='ocr_line' id='line_1_29' title="bbox 127 3553 1261 3638; baseline 0.003 -19"><span class='ocrx_word' id='word_1_198' title='bbox 127 3563 229 3638; x_wconf 79' lang='lat' dir='ltr'>agunt</span> <span class='ocrx_word' id='word_1_199' title='bbox 244 3555 424 3621; x_wconf 85' lang='lat' dir='ltr'>adversarii.</span> <span class='ocrx_word' id='word_1_200' title='bbox 464 3556 559 3621; x_wconf 86' lang='lat' dir='ltr'>Pater</span> <span class='ocrx_word' id='word_1_201' title='bbox 577 3560 635 3634; x_wconf 86' lang='lat' dir='ltr'>est,</span> <span class='ocrx_word' id='word_1_202' title='bbox 652 3560 690 3620; x_wconf 89' lang='lat' dir='ltr'>ut</span> <span class='ocrx_word' id='word_1_203' title='bbox 711 3557 807 3634; x_wconf 88' lang='lat' dir='ltr'>nosti,</span> <span class='ocrx_word' id='word_1_204' title='bbox 831 3553 1087 3619; x_wconf 81' lang='lat' dir='ltr'>Bartholiester.⁶</span> <span class='ocrx_word' id='word_1_205' title='bbox 1131 3556 1261 3622; x_wconf 83' lang='lat' dir='ltr'>botiani</span> 
     </span>
     <span class='ocr_line' id='line_1_30' title="bbox 127 3641 1258 3725; baseline 0.003 -20"><span class='ocrx_word' id='word_1_206' title='bbox 127 3645 160 3706; x_wconf 87' lang='lat' dir='ltr'>et</span> <span class='ocrx_word' id='word_1_207' title='bbox 194 3642 330 3706; x_wconf 80' lang='lat' dir='ltr'>Moriani</span> <span class='ocrx_word' id='word_1_208' title='bbox 363 3643 510 3725; x_wconf 84' lang='lat' dir='ltr'>quemvis</span> <span class='ocrx_word' id='word_1_209' title='bbox 545 3643 662 3724; x_wconf 84' lang='lat' dir='ltr'>magni,</span> <span class='ocrx_word' id='word_1_210' title='bbox 696 3646 734 3705; x_wconf 89' lang='lat' dir='ltr'>ut</span> <span class='ocrx_word' id='word_1_211' title='bbox 766 3641 863 3723; x_wconf 80' lang='lat' dir='ltr'>vulgo</span> <span class='ocrx_word' id='word_1_212' title='bbox 898 3641 999 3722; x_wconf 82' lang='lat' dir='ltr'>ajunt,</span> <span class='ocrx_word' id='word_1_213' title='bbox 1038 3642 1258 3723; x_wconf 71' lang='lat' dir='ltr'>devotionern,</span> 
     </span>
     <span class='ocr_line' id='line_1_31' title="bbox 126 3726 1259 3809; baseline 0.003 -18"><span class='ocrx_word' id='word_1_214' title='bbox 126 3730 234 3792; x_wconf 85' lang='lat' dir='ltr'>tamen</span> <span class='ocrx_word' id='word_1_215' title='bbox 274 3729 367 3793; x_wconf 88' lang='lat' dir='ltr'>nobis</span> <span class='ocrx_word' id='word_1_216' title='bbox 404 3728 549 3793; x_wconf 83' lang='lat' dir='ltr'>insidiari</span> <span class='ocrx_word' id='word_1_217' title='bbox 585 3748 649 3790; x_wconf 92' lang='lat' dir='ltr'>non</span> <span class='ocrx_word' id='word_1_218' title='bbox 684 3727 844 3790; x_wconf 88' lang='lat' dir='ltr'>desinunt.</span> <span class='ocrx_word' id='word_1_219' title='bbox 891 3726 1059 3809; x_wconf 86' lang='lat' dir='ltr'>Utcunque</span> <span class='ocrx_word' id='word_1_220' title='bbox 1094 3729 1146 3806; x_wconf 90' lang='lat' dir='ltr'>sit,</span> <span class='ocrx_word' id='word_1_221' title='bbox 1177 3730 1259 3795; x_wconf 90' lang='lat' dir='ltr'>nibil</span> 
     </span>
     <span class='ocr_line' id='line_1_32' title="bbox 126 3813 1259 3894; baseline 0.004 -18"><span class='ocrx_word' id='word_1_222' title='bbox 126 3818 238 3894; x_wconf 80' lang='lat' dir='ltr'>egunt,</span> <span class='ocrx_word' id='word_1_223' title='bbox 272 3819 309 3877; x_wconf 90' lang='lat' dir='ltr'>ut</span> <span class='ocrx_word' id='word_1_224' title='bbox 346 3815 422 3877; x_wconf 88' lang='lat' dir='ltr'>dixi.</span> <span class='ocrx_word' id='word_1_225' title='bbox 482 3813 561 3877; x_wconf 87' lang='lat' dir='ltr'>Nam</span> <span class='ocrx_word' id='word_1_226' title='bbox 602 3814 730 3876; x_wconf 85' lang='lat' dir='ltr'>cenanti</span> <span class='ocrx_word' id='word_1_227' title='bbox 770 3813 847 3875; x_wconf 90' lang='lat' dir='ltr'>mibi</span> <span class='ocrx_word' id='word_1_228' title='bbox 886 3813 1061 3876; x_wconf 81' lang='lat' dir='ltr'>destinavit</span> <span class='ocrx_word' id='word_1_229' title='bbox 1097 3813 1259 3887; x_wconf 84' lang='lat' dir='ltr'>Duronius</span> 
     </span>
     <span class='ocr_line' id='line_1_33' title="bbox 126 3898 1255 3981; baseline 0.003 -19"><span class='ocrx_word' id='word_1_230' title='bbox 126 3900 317 3981; x_wconf 86' lang='lat' dir='ltr'>sophisticas</span> <span class='ocrx_word' id='word_1_231' title='bbox 340 3898 526 3964; x_wconf 77' lang='lat' dir='ltr'>Entitates⁷</span> <span class='ocrx_word' id='word_1_232' title='bbox 558 3922 621 3962; x_wconf 88' lang='lat' dir='ltr'>rem</span> <span class='ocrx_word' id='word_1_233' title='bbox 647 3900 740 3961; x_wconf 81' lang='lat' dir='ltr'>nauci</span> <span class='ocrx_word' id='word_1_234' title='bbox 763 3898 959 3974; x_wconf 80' lang='lat' dir='ltr'>lecirindain3</span> <span class='ocrx_word' id='word_1_235' title='bbox 984 3920 1020 3961; x_wconf 91' lang='lat' dir='ltr'>eo</span> <span class='ocrx_word' id='word_1_236' title='bbox 1036 3903 1143 3963; x_wconf 81' lang='lat' dir='ltr'>temen</span> <span class='ocrx_word' id='word_1_237' title='bbox 1160 3901 1255 3965; x_wconf 87' lang='lat' dir='ltr'>deeli-</span> 
     </span>
     <span class='ocr_line' id='line_1_34' title="bbox 77 3985 1260 4065; baseline 0.003 -18"><span class='ocrx_word' id='word_1_238' title='bbox 77 4020 79 4025; x_wconf 94' lang='lat'><em>·</em></span> <span class='ocrx_word' id='word_1_239' title='bbox 127 3988 225 4062; x_wconf 82' lang='lat' dir='ltr'>nevit,</span> <span class='ocrx_word' id='word_1_240' title='bbox 250 3992 286 4048; x_wconf 88' lang='lat' dir='ltr'>ut</span> <span class='ocrx_word' id='word_1_241' title='bbox 308 4008 380 4048; x_wconf 81' lang='lat' dir='ltr'>cero</span> <span class='ocrx_word' id='word_1_242' title='bbox 409 4008 467 4049; x_wconf 87' lang='lat' dir='ltr'>suo</span> <span class='ocrx_word' id='word_1_243' title='bbox 500 3985 654 4060; x_wconf 71' lang='lat' dir='ltr'>Midioen,</span> <span class='ocrx_word' id='word_1_244' title='bbox 686 3986 732 4047; x_wconf 90' lang='lat' dir='ltr'>uti</span> <span class='ocrx_word' id='word_1_245' title='bbox 761 4005 819 4065; x_wconf 85' lang='lat' dir='ltr'>ogo</span> <span class='ocrx_word' id='word_1_246' title='bbox 849 3985 1047 4065; x_wconf 86' lang='lat' dir='ltr'>interpretor,</span> <span class='ocrx_word' id='word_1_247' title='bbox 1083 3987 1260 4051; x_wconf 85' lang='lat' dir='ltr'>insinuaret</span> 
     </span>
    </p>
   </div>
   <div class='ocr_carea' id='block_1_14' title="bbox 124 4141 330 4150">
    <p class='ocr_par' dir='ltr' id='par_1_15' title="bbox 124 4141 330 4150">
     <span class='ocr_line' id='line_1_35' title="bbox 124 4141 330 4150; baseline -0.005 -2"><span class='ocrx_word' id='word_1_248' title='bbox 124 4141 330 4150; x_wconf 58' lang='lat'>.——-⁴</span> 
     </span>
    </p>
   </div>
   <div class='ocr_carea' id='block_1_15' title="bbox 124 4222 1259 4686">
    <p class='ocr_par' dir='ltr' id='par_1_16' title="bbox 124 4222 1259 4686">
     <span class='ocr_line' id='line_1_36' title="bbox 194 4222 989 4290; baseline -0.001 -15"><span class='ocrx_word' id='word_1_249' title='bbox 194 4237 208 4264; x_wconf 77' lang='lat'>⁸</span> <span class='ocrx_word' id='word_1_250' title='bbox 224 4223 260 4275; x_wconf 65' lang='lat' dir='ltr'>Fe</span> <span class='ocrx_word' id='word_1_251' title='bbox 278 4224 378 4275; x_wconf 77' lang='lat' dir='ltr'>celer-inl</span> <span class='ocrx_word' id='word_1_252' title='bbox 396 4224 439 4275; x_wconf 72' lang='lat' dir='ltr'>m&#39;n</span> <span class='ocrx_word' id='word_1_253' title='bbox 465 4223 547 4284; x_wconf 80' lang='lat' dir='ltr'>llbrl,</span> <span class='ocrx_word' id='word_1_254' title='bbox 565 4228 630 4274; x_wconf 79' lang='lat' dir='ltr'>clun</span> <span class='ocrx_word' id='word_1_255' title='bbox 648 4222 803 4284; x_wconf 67' lang='lat' dir='ltr'>inscisione,</span> <span class='ocrx_word' id='word_1_256' title='bbox 820 4222 989 4290; x_wconf 77' lang='lat' dir='ltr'>uzispesolleu.</span> 
     </span>
     <span class='ocr_line' id='line_1_37' title="bbox 197 4289 1259 4359; baseline -0.001 -16"><span class='ocrx_word' id='word_1_257' title='bbox 197 4293 204 4322; x_wconf 92' lang='lat'>¹</span> <span class='ocrx_word' id='word_1_258' title='bbox 223 4293 277 4344; x_wconf 87' lang='lat' dir='ltr'>Der</span> <span class='ocrx_word' id='word_1_259' title='bbox 288 4293 347 4346; x_wconf 82' lang='lat' dir='ltr'>Abi.</span> <span class='ocrx_word' id='word_1_260' title='bbox 367 4293 391 4346; x_wconf 91' lang='lat' dir='ltr'>S.</span> <span class='ocrx_word' id='word_1_261' title='bbox 405 4293 454 4344; x_wconf 80' lang='lat'>108</span> <span class='ocrx_word' id='word_1_262' title='bbox 464 4296 494 4346; x_wconf 83' lang='lat' dir='ltr'>A.</span> <span class='ocrx_word' id='word_1_263' title='bbox 507 4296 531 4345; x_wconf 87' lang='lat' dir='ltr'>l.</span> <span class='ocrx_word' id='word_1_264' title='bbox 577 4291 679 4344; x_wconf 83' lang='lat' dir='ltr'>Mutiun</span> <span class='ocrx_word' id='word_1_265' title='bbox 689 4291 744 4343; x_wconf 78' lang='lat' dir='ltr'>will</span> <span class='ocrx_word' id='word_1_266' title='bbox 754 4291 843 4344; x_wconf 78' lang='lat' dir='ltr'>Uiben</span> <span class='ocrx_word' id='word_1_267' title='bbox 862 4308 909 4343; x_wconf 87' lang='lat' dir='ltr'>zur</span> <span class='ocrx_word' id='word_1_268' title='bbox 926 4291 1097 4359; x_wconf 75' lang='lat' dir='ltr'>Bestiitigung</span> <span class='ocrx_word' id='word_1_269' title='bbox 1112 4291 1140 4343; x_wconf 88' lang='lat' dir='ltr'>in</span> <span class='ocrx_word' id='word_1_270' title='bbox 1158 4289 1259 4344; x_wconf 82' lang='lat' dir='ltr'>seincrn</span> 
     </span>
     <span class='ocr_line' id='line_1_38' title="bbox 125 4359 1259 4427; baseline 0.001 -15"><span class='ocrx_word' id='word_1_271' title='bbox 125 4362 204 4412; x_wconf 85' lang='lat' dir='ltr'>Anile</span> <span class='ocrx_word' id='word_1_272' title='bbox 216 4360 256 4413; x_wconf 84' lang='lat' dir='ltr'>els</span> <span class='ocrx_word' id='word_1_273' title='bbox 265 4360 412 4413; x_wconf 66' lang='lat' dir='ltr'>l&#39;cru&#39;altor</span> <span class='ocrx_word' id='word_1_274' title='bbox 422 4363 468 4412; x_wconf 80' lang='lat' dir='ltr'>des</span> <span class='ocrx_word' id='word_1_275' title='bbox 483 4360 688 4426; x_wconf 77' lang='lat' dir='ltr'>licorgeutlialer</span> <span class='ocrx_word' id='word_1_276' title='bbox 696 4359 777 4412; x_wconf 84' lang='lat' dir='ltr'>Holcs</span> <span class='ocrx_word' id='word_1_277' title='bbox 786 4360 942 4427; x_wconf 84' lang='lat' dir='ltr'>einplcblcn.</span> <span class='ocrx_word' id='word_1_278' title='bbox 962 4359 988 4415; x_wconf 85' lang='lat' dir='ltr'>S.</span> <span class='ocrx_word' id='word_1_279' title='bbox 999 4360 1051 4412; x_wconf 76' lang='lat'>462</span> <span class='ocrx_word' id='word_1_280' title='bbox 1061 4364 1093 4412; x_wconf 50' lang='lat' dir='ltr'>ll.¹</span> <span class='ocrx_word' id='word_1_281' title='bbox 1104 4360 1143 4412; x_wconf 90' lang='lat' dir='ltr'>ll.</span> <span class='ocrx_word' id='word_1_282' title='bbox 1180 4361 1190 4392; x_wconf 86' lang='lat'><strong>¹</strong></span> <span class='ocrx_word' id='word_1_283' title='bbox 1200 4359 1259 4427; x_wconf 84' lang='lat' dir='ltr'>Vgl.</span> 
     </span>
     <span class='ocr_line' id='line_1_39' title="bbox 125 4427 1258 4497; baseline 0.003 -17"><span class='ocrx_word' id='word_1_284' title='bbox 125 4427 168 4482; x_wconf 87' lang='lat' dir='ltr'>Br.</span> <span class='ocrx_word' id='word_1_285' title='bbox 187 4430 246 4483; x_wconf 78' lang='lat'>419.</span> <span class='ocrx_word' id='word_1_286' title='bbox 318 4429 404 4494; x_wconf 66' lang='lat' dir='ltr'>²&#39;l&#39;gl</span> <span class='ocrx_word' id='word_1_287' title='bbox 432 4431 482 4484; x_wconf 84' lang='lat' dir='ltr'>den</span> <span class='ocrx_word' id='word_1_288' title='bbox 511 4429 621 4481; x_wconf 82' lang='lat' dir='ltr'>Schluss</span> <span class='ocrx_word' id='word_1_289' title='bbox 648 4429 694 4481; x_wconf 84' lang='lat' dir='ltr'>des</span> <span class='ocrx_word' id='word_1_290' title='bbox 721 4445 774 4483; x_wconf 80' lang='lat' dir='ltr'>ror.</span> <span class='ocrx_word' id='word_1_291' title='bbox 795 4428 837 4480; x_wconf 83' lang='lat' dir='ltr'>llr.</span> <span class='ocrx_word' id='word_1_292' title='bbox 909 4428 990 4480; x_wconf 81' lang='lat' dir='ltr'>⁴Iler</span> <span class='ocrx_word' id='word_1_293' title='bbox 1016 4429 1070 4481; x_wconf 77' lang='lat' dir='ltr'>Ant</span> <span class='ocrx_word' id='word_1_294' title='bbox 1095 4427 1258 4497; x_wconf 84' lang='lat' dir='ltr'>(Duronius).</span> 
     </span>
     <span class='ocr_line' id='line_1_40' title="bbox 124 4494 1257 4563; baseline 0 -16"><span class='ocrx_word' id='word_1_295' title='bbox 124 4495 183 4563; x_wconf 79' lang='lat' dir='ltr'>vgl.</span> <span class='ocrx_word' id='word_1_296' title='bbox 194 4495 304 4549; x_wconf 85' lang='lat' dir='ltr'>Schluss</span> <span class='ocrx_word' id='word_1_297' title='bbox 315 4515 365 4550; x_wconf 82' lang='lat' dir='ltr'>ron</span> <span class='ocrx_word' id='word_1_298' title='bbox 378 4499 419 4550; x_wconf 79' lang='lat' dir='ltr'>Bi.</span> <span class='ocrx_word' id='word_1_299' title='bbox 429 4499 488 4552; x_wconf 78' lang='lat'>408.</span> <span class='ocrx_word' id='word_1_300' title='bbox 534 4501 545 4529; x_wconf 59' lang='grc' dir='ltr'><em>ὓ</em></span> <span class='ocrx_word' id='word_1_301' title='bbox 564 4497 662 4549; x_wconf 81' lang='lat' dir='ltr'>chnn·</span> <span class='ocrx_word' id='word_1_302' title='bbox 673 4498 699 4548; x_wconf 89' lang='lat' dir='ltr'>in</span> <span class='ocrx_word' id='word_1_303' title='bbox 710 4496 891 4563; x_wconf 80' lang='lat' dir='ltr'>Georgentlinl.</span> <span class='ocrx_word' id='word_1_304' title='bbox 910 4496 936 4550; x_wconf 87' lang='lat' dir='ltr'>S.</span> <span class='ocrx_word' id='word_1_305' title='bbox 946 4498 997 4549; x_wconf 74' lang='lat'>469</span> <span class='ocrx_word' id='word_1_306' title='bbox 1008 4501 1038 4552; x_wconf 77' lang='lat' dir='ltr'>A.</span> <span class='ocrx_word' id='word_1_307' title='bbox 1052 4496 1089 4549; x_wconf 78' lang='lat'>12.</span> <span class='ocrx_word' id='word_1_308' title='bbox 1126 4497 1137 4529; x_wconf 80' lang='lat'>⁸</span> <span class='ocrx_word' id='word_1_309' title='bbox 1154 4494 1257 4549; x_wconf 73' lang='lat' dir='ltr'>neruo</span> 
     </span>
     <span class='ocr_line' id='line_1_41' title="bbox 124 4563 1211 4686; baseline 0 -70"><span class='ocrx_word' id='word_1_310' title='bbox 124 4563 178 4686; x_wconf 61' lang='lat' dir='ltr'>gerp1</span> <span class='ocrx_word' id='word_1_311' title='bbox 180 4564 331 4686; x_wconf 54' lang='lat' dir='ltr'>ditmhm</span> <span class='ocrx_word' id='word_1_312' title='bbox 348 4567 385 4619; x_wconf 83' lang='lat' dir='ltr'>ini</span> <span class='ocrx_word' id='word_1_313' title='bbox 406 4565 624 4621; x_wconf 75' lang='lat' dir='ltr'>Nonuenlilostcr.</span> <span class='ocrx_word' id='word_1_314' title='bbox 660 4565 720 4633; x_wconf 77' lang='lat' dir='ltr'>Vgl.</span> <span class='ocrx_word' id='word_1_315' title='bbox 739 4567 781 4620; x_wconf 63' lang='grc' dir='ltr'>ΒΓ.</span> <span class='ocrx_word' id='word_1_316' title='bbox 801 4567 859 4621; x_wconf 77' lang='grc'><strong>369.</strong></span> <span class='ocrx_word' id='word_1_317' title='bbox 933 4565 1024 4619; x_wconf 74' lang='lat' dir='ltr'>&#39;Eine</span> <span class='ocrx_word' id='word_1_318' title='bbox 1042 4563 1211 4633; x_wconf 77' lang='lat' dir='ltr'>philosophie</span> 
     </span>
     <span class='ocr_line' id='line_1_42' title="bbox 144 4648 229 4686; baseline 0.012 -1"><span class='ocrx_word' id='word_1_319' title='bbox 144 4648 158 4685; x_wconf 91' lang='lat' dir='ltr'>c</span> <span class='ocrx_word' id='word_1_320' title='bbox 224 4674 229 4686; x_wconf 90' lang='lat'>.</span> 
     </span>
    </p>
   </div>
   <div class='ocr_carea' id='block_1_16' title="bbox 0 0 1392 4966">
    <p class='ocr_par' dir='ltr' id='par_1_17' title="bbox 0 0 1392 4966">
     <span class='ocr_line' id='line_1_43' title="bbox 0 0 1392 4966; baseline 0 2"><span class='ocrx_word' id='word_1_321' title='bbox 0 0 1392 4966; x_wconf 95' lang='lat' dir='ltr'> </span> 
     </span>
    </p>
   </div>
  </div>
 </body>
</html>
