2774 4966
515 673 619 727 blutiau
638 688 672 724 an
690 669 820 739 Petrejus.
1166 672 1232 736 ‘243

96 851 134 912 ut
155 846 318 912 silentium
343 866 448 909 meum
466 846 560 928 aequi
576 845 651 909 boni
669 845 776 908 iacias.
816 846 929 907 Amare
944 848 1013 907 tum
1030 848 1062 906 te
1078 843 1231 922 desinam,
1266 921 1267 924 Ἴ

97 955 169 997 cum
194 932 309 996 vivere.
355 930 493 995 Valebis.
539 932 658 1008 Quarto
683 931 734 993 die
756 936 829 1012 post
852 935 955 994 ortum
981 929 1115 993 Arcturi.

253 1033 315 1085 Cod.
334 1031 400 1085 Frui.
420 1031 478 1084 252.

98 1201 220 1272 (Gotha.)
632 1186 701 1248 191.
995 1199 1021 1252 8.
1039 1198 1109 1268 Sept
1130 1201 1233 1272 (1512.)

443 1310 590 1380 Mutian
611 1330 660 1379 an
684 1308 884 1396 Penejus:

97 1439 202 1508 (Urter'l
230 1437 296 1490 ater
316 1437 360 1489 deit
382 1437 556 1490 Alexandrea
580 1439 624 1490 des
650 1438 800 1495 Grrnlterus.
829 1438 872 1490 dic
893 1435 1115 1503 hunchcdrifllc'rh
1136 1436 1168 1489 in
1187 1436 1233 1490 der

93 1505 359 1577 amponianum
385 1505 532 1559 Bibhblhclr
560 1506 723 1572 aestumat-rt
746 1506 821 1559 wint.
862 1505 997 1568 ll'r'insrlet,
1026 1507 1089 1557 class
1116 1504 1233 1573 Petrcjas

203 1575 279 1626 'and
298 1573 399 1626 (Icelus
416 1591 452 1626 ru
471 1574 636 1627 Bulularr'en
653 1576 697 1627 des
714 1575 808 1627 Rechts
823 1575 983 1642 morirma'ert
999 1574 1119 1634 werden.)

204 1688 331 1749 Petreio
352 1690 581 1750 propugnatori
605 1690 762 1750 legitimae
787 1691 923 1739 harenae
947 1688 1025 1738 adeo
1043 1694 1180 1747 strenuo,
1198 1690 1234 1738 ut

386 1771 476 1824 rude²
493 1775 605 1825 merito
624 1774 767 1832 donetur,
785 1775 830 1823 Μ.
847 1772 959 1823 Rufus.

208 1880 241 1946 S.
287 1878 406 1947 Multos
428 1884 530 1947 nostri
553 1885 652 1948 studii
675 1886 738 1948 imo
762 1884 915 1966 plurimos
938 1882 1063 1946 codices
1079 1881 1233 1945 asservari

98 1970 134 2031 iu
160 1968 319 2032 fornicata
349 1968 429 2031 cella
459 1967 711 2047 Graeculorum,³
739 1972 928 2050 argumento
952 1969 994 2031 sit
1020 1989 1168 2031 numerus
1200 1969 1231 2030 in

97 2053 241 2117 liminari
276 2055 402 2134 pagiua.
448 2053 503 2118 Sic
533 2056 617 2118 enirn
648 2060 838 2119 annotatum
872 2058 936 2116 est:
972 2053 1031 2136 „48
1062 2052 1231 2135 poetriae.“

96 2138 136 2203 Si
162 2143 213 2202 tot
239 2139 392 2202 subsellia
419 2139 524 2202 sedem
555 2140 713 2204 Gualteri⁴
736 2141 940 2223 praecedunt,
971 2160 1035 2202 non
1059 2139 1144 2202 hunc
1166 2161 1234 2203 esse

97 2245 246 2307 pompae
269 2224 364 2286 tinem
396 2226 555 2301 existimo,
589 2248 660 2289 cum
691 2232 724 2289 et
752 2228 822 2309 ipsa
855 2225 1006 2288 materiae
1040 2225 1181 2304 dignitas
1203 2227 1235 2287 et

98 2309 168 2373 stili
191 2309 332 2372 facilitas
356 2331 418 2373 non
442 2312 486 2373 sit
510 2311 609 2374 intimi
634 2312 702 2375 loei.
748 2312 776 2373 X
800 2315 876 2374 sunt
905 2310 976 2373 libri
1002 2309 1098 2390 juxta
1128 2311 1235 2373 literas

98 2394 252 2471 nominis,
288 2395 371 2477 quod
400 2400 449 2459 est
481 2396 722 2460 Guilhermus.⁰
766 2396 933 2460 Notabiles
966 2396 1125 2472 dicuntur,
1161 2396 1235 2477 quia

98 2480 268 2561 depravati
293 2485 325 2543 et
347 2480 458 2544 critica
481 2487 558 2545 nota
582 2483 681 2563 digni,
705 2504 768 2545 uon
792 2483 894 2545 solum
916 2486 1093 2562 temporum
1109 2480 1235 2561 injuria,

100 2565 159 2629 sed
182 2566 324 2629 auctoris
347 2587 474 2647 quoque
499 2567 694 2648 negligentia
717 2567 887 2650 plusquam
911 2567 1034 2649 supina.
1073 2565 1144 2629 Non
1161 2587 1236 2629 con-

97 2655 221 2715 temno.
278 2650 389 2732 Neque
424 2652 508 2714 enim
539 2653 617 2715 mihi
648 2653 761 2735 judieii
796 2654 865 2716 loco
898 2652 977 2715 livor
1010 2656 1068 2728 est,
1102 2655 1138 2714 ut
1172 2651 1236 2715 fere

98 2736 240 2800 literatis
262 2735 358 2816 hujus
381 2737 461 2814 aevi,
478 2738 532 2800 sed
548 2739 682 2800 candide
701 2738 851 2820 judicans
874 2738 1045 2818 pronuntio
1066 2743 1236 2800 sexcentos

101 2820 213 2884 incudi
243 2820 420 2884 reddendos
444 2844 512 2886 esse
535 2845 644 2887 versus
667 2825 714 2886 vel
739 2824 816 2905 pede
847 2822 1063 2886 claudicantes
1093 2823 1142 2885 vel
1173 2823 1235 2886 ele·

99 2906 247 2990 gantiam
294 2908 585 2990 proprietatemque
617 2908 710 2972 latini
742 2910 896 2972 sermonis
934 2908 1161 2985 desiderantes,
1199 2912 1236 2971 ut

100 2992 231 3056 mittam
255 2991 406 3055 historiae
429 2992 522 3056 fidem
547 2995 702 3057 elevatam
731 2994 825 3057 modo
857 2993 970 3074 frigide
998 2993 1092 3056 modo
1120 2994 1235 3056 laxius.

100 3077 139 3142 ln
174 3098 316 3140 summa:
352 3078 455 3141 oratio
490 3099 552 3141 non
587 3081 757 3158 respondet
795 3079 930 3141 heroicis
964 3080 1072 3160 gestis.
1119 3078 1235 3142 Vellem

103 3163 316 3226 Horatiauum
348 3162 426 3226 illud
461 3170 663 3246 praeceptum
699 3166 849 3228 memoria
883 3166 1055 3227 tonuisset:
1094 3163 1237 3243 „Sumite

104 3249 272 3311 materiam
297 3250 419 3325 vestris,
444 3251 499 3329 qui
523 3251 672 3327 scribitis,
696 3272 829 3330 aequam
854 3248 1031 3312 liiribus.“⁵
1071 3249 1236 3312 Praeterea

101 3334 242 3396 libenter
281 3334 416 3414 adoptat
448 3335 508 3397 sibi
543 3358 651 3397 versus
685 3336 815 3411 alienos,
847 3336 938 3415 quasi
969 3336 1063 3397 liceat
1098 3335 1237 3416 expilare

103 3420 226 3502 priores
250 3418 349 3481 libera
372 3420 484 3483 fronte.
531 3420 592 3483 Sed
618 3421 731 3483 bacin
758 3427 845 3501 parte
864 3422 987 3482 veniam
1006 3420 1126 3481 [lamus.
1165 3419 1235 3482 Non

102 3509 154 3567 est
177 3504 262 3566 eniru
287 3510 380 3584 turpe
402 3506 540 3567 mutuari
565 3506 660 3568 verba
683 3512 715 3568 et
737 3507 913 3568 sententias
936 3527 955 3567 a
978 3505 1102 3585 magnis
1137 3506 1236 3585 scrip-

104 3589 243 3653 toribus.
282 3587 371 3651 Fecit
387 3589 447 3653 hoc
463 3589 630 3670 Vergilius,
647 3591 724 3653 facit
742 3591 821 3653 idem
840 3595 970 3653 sanctus
986 3596 1081 3670 poeta
1095 3591 1236 3652 Joamres

102 3675 262 3758 Baptista.
309 3673 390 3737 lllud
418 3676 523 3751 miror,
548 3697 603 3738 cur
625 3676 743 3738 librarii
768 3698 831 3738 nou
856 3676 997 3738 habeant
1028 3675 1086 3737 hac
1115 3696 1235 3756 poema,

102 3759 189 3843 qnod
222 3759 403 3837 legentibus
439 3759 610 3824 Alexandri
640 3768 731 3842 gesta
762 3761 919 3841 voluptati
954 3760 1044 3823 foret.
1099 3760 1142 3821 lle
1173 3760 1236 3822 illis

105 3846 229 3928 loquor,
254 3844 308 3926 qui
333 3850 462 3909 versant
484 3848 519 3921 d.
545 3846 688 3910 Curtium
713 3853 745 3909 et
769 3847 947 3924 Arrianum,
965 3867 1058 3926 quem
1076 3846 1236 3910 latinitate

171 4009 186 4037 ι
203 3995 239 4046 So
256 3999 321 4046 stati
338 3995 505 4049 Guillermus.

175 4054 277 4116 ¹chr
304 4062 384 4115 Peter·
408 4063 547 4117 Eberbaeh
565 4063 590 4116 S.
609 4065 641 4115 97
661 4066 692 4116 A.
713 4066 735 4116 1.
806 4063 882 4114 ²htit
910 4063 970 4115 dem
998 4063 1084 4131 subo,
1108 4064 1132 4116 d.
1155 4064 1171 4119 i.
1198 4064 1237 4118 uls

102 4129 267 4184 Bakularius
286 4132 344 4197 (dos
361 4131 479 4201 Rechts).
516 4133 635 4199 Petreius
653 4133 743 4184 urrrdo
754 4131 896 4184 nchstlnlr.
908 4132 1011 4183 (lectus
1022 4133 1074 4187 und
1085 4133 1237 4186 Karronikus

101 4199 176 4253 Hille
195 4199 232 4266 (S.
253 4201 304 4251 233
322 4202 353 4253 Α.
373 4201 400 4268 4)
418 4201 455 4252 iur
474 4203 594 4253 Sornrner
614 4203 680 4252 lr'il‘.)
697 4206 774 4251 untur·
791 4200 850 4251 dem
870 4200 1009 4251 lteltornte
1025 4201 1110 4252 seinos
1122 4201 1237 4254 Bruders

103 4268 233 4321 Heinrich
255 4267 412 4321 Bakularius
430 4270 477 4321 des
496 4269 593 4321 iteclrts
613 4269 773 4336 (blitteilung
791 4270 837 4319 cles
856 4268 888 4319 ll.
909 4268 1087 4321 Bibliothelrar
1106 4269 1172 4321 Prot.
1192 4270 1236 4323 llr.

101 4336 339 4389 Weissenborn
359 4337 383 4389 in
403 4337 491 4389 Edurt
509 4354 557 4389 ans
575 4340 633 4389 dem
646 4337 891 4403 lleelumugsbuchc
904 4337 950 4388 des
963 4336 1091 4401 ltcktors).
1145 4341 1155 4368 ²¹
1174 4343 1237 4391 Aur·

118 4404 288 4459 buianieche
306 4403 464 4457 Bibliothclr.
501 4406 559 4472 l'gl.
579 4406 622 4457 ΒΓ.
646 4408 700 4459 liti.
755 4404 1073 4472 ⁴Philippuslirralterus
1090 4409 1121 4458 de.
1137 4408 1237 4460 castel-

100 4422 173 4528 lione
191 4489 240 4525 nur
260 4474 335 4539 1120,
354 4472 459 4526 sehriob
477 4474 519 4525 uin
539 4475 607 4541 llpos
633 4474 806 4526 ⁴alexandreis
824 4474 849 4524 iu
871 4474 904 4525 10
921 4472 1052 4538 Biicheru,
1071 4476 1118 4527 das
1136 4475 1237 4529 blutiau

98 4542 139 4595 im
166 4540 309 4610 folgenden
335 4541 466 4596 beudeilt.
502 4543 551 4594 Ilie
576 4542 854 4609 arrlhngsbuchstaben
877 4541 924 4592 der
947 4540 1053 4593 Biiolrer
1076 4543 1163 4595 bilden
1187 4545 1236 4596 den

98 4610 207 4671 Numen
232 4608 404 4675 Guillermua
429 4610 489 4662 weil
507 4611 554 4662 das
573 4611 653 4662 Werlr
674 4611 834 4662 Guillcnuus
853 4609 896 4671 ll,
915 4608 990 4663 Erzb.
1010 4627 1035 4661 v.
1055 4610 1173 4676 ltheiurs,
1192 4629 1236 4679 ge·

98 4678 292 4733 viduam
321 4676 367 4733 Ed.
386 4676 576 4732 Miildener.
595 4678 665 4745 Lips.
688 4680 761 4732 18113,
832 4679 910 4728 ldis
928 4680 995 4744 poet.
1014 4678 1056 4731 38.

968 4747 1038 4814 tu*
