2774 4966
140 607 202 672 586
557 606 643 659 Briete
660 605 706 658 des
726 606 750 660 J.
772 600 860 662 1511.Ι

126 775 208 841 >sive
227 774 372 857 praesidi'
399 776 678 840 commendandus.
725 773 958 858 Eugelmanuo²
974 776 1063 842 alias.
1109 777 1177 843 Tua
1194 782 1275 845 fide·

143 864 216 927 litas
249 862 429 925 sciscitetur
460 863 547 925 omni
579 862 682 941 modo,
714 864 790 943 quid
813 864 957 944 magistri
981 885 1021 925 ex
1044 864 1198 929 nundinia
1220 871 1277 932 at·

142 949 282 1012 tulerint.
327 946 400 1011 Nox
422 946 551 1026 ingruit.

295 1047 355 1102 0011.
375 1045 441 1102 Frcf.
460 1048 518 1103 517.

142 1235 258 1305 (Gotho.)
432 1247 437 1256 ·
668 1224 740 1287 523.
981 1240 1015 1307 (n.
1037 1239 1076 1292 18.
1095 1237 1177 1308 Sept)
1198 1241 1269 1294 1515

518 1349 664 1419 Mutian
687 1371 735 1421 un
759 1350 897 1422 Urbau.

142 1476 353 1542 (Glt'tclrwunsclr,
367 1477 430 1528 durs
448 1475 538 1529 ornan
560 1478 722 1530 Oetonrmrus
735 1477 817 1530 bertr.
859 1477 943 1530 Urter'l
959 1477 1023 1530 uider
1041 1477 1156 1544 Basclios
1167 1477 1279 1531 Paulus

141 1560 192 1596 aus
217 1544 317 1596 Anluss
337 1544 424 1596 seiner·
447 1544 539 1598 Krr'rtt
558 1563 639 1613 peperi
661 1546 783 1598 Publius'
803 1546 906 1598 Betomr
958 1547 1002 1598 dcc
1027 1545 1126 1599 Wortca
1150 1545 1278 1600 dliclrad.

140 1611 330 1679 Befrr'cdipurip
347 1613 469 1665 1110111110
486 1615 664 1682 Ausweisunp
681 1615 724 1666 des
744 1615 897 1668 mmmm
906 1562 1032 1680 7011011011
1058 1614 1212 1683 Prophetae,
1230 1615 1280 1667 der

140 1696 195 1733 111
218 1681 287 1733 ludite
312 1681 452 1734 cerbrunnt
476 1682 576 1735 werden
599 1688 714 1736 mussat.
751 1681 864 1748 „tursolt
883 1699 964 1750 peperi
981 1684 1030 1737 dec
1049 1683 1107 1737 Alc.
1144 1681 1280 1752 Austrdpe

482 1749 530 1816 sin·
554 1750 658 1804 Urdons
677 1750 819 1820 laer'per‘qcr
836 1751 931 1816 Reice.)

251 1862 379 1913 Urbano
399 1876 564 1913 oeconomo
582 1865 616 1914 in
634 1865 759 1914 saecula
778 1865 972 1917 saeculorum
992 1866 1035 1914 M.
1055 1863 1166 1914 Rufus.
1190 1877 1197 1891 ·

246 1973 277 2038 S.
325 1973 454 2038 Gaudeo
491 1982 520 2038 et
555 1975 708 2056 gratulor,
741 1977 825 2056 quod
860 1976 957 2040 saluti
992 1979 1023 2039 01
1057 1975 1279 2040 incolumitati

142 2065 216 2124 tuae
250 2082 308 2122 sua
337 2060 477 2141 dignitas
510 2061 552 2124 sit
582 2068 781 2134 conservata,
812 2082 873 2124 non
905 2062 1012 2125 ablata
1040 2082 1095 2143 per
1116 2060 1277 2124 invidiam

142 2146 403 2210 obtrectatorum.
449 2145 612 2210 ‘limueras
630 2148 712 2210 eninr
731 2169 794 2210 uon
817 2153 883 2210 tam
908 2147 985 2211 boni
1008 2146 1142 2210 Duronii
1163 2168 1280 2230 super·

142 2233 259 2308 cilium,
290 2232 340 2294 cui
372 2232 464 2295 facile
494 2240 542 2294 est
570 2234 741 2314 imponere,
775 2253 873 2316 quam
907 2234 1021 2315 impias
1058 2232 1280 2296 fraternitates

143 2319 248 2382 nescio
283 2339 428 2398 quorum,
463 2319 518 2401 qui
552 2317 706 2382 Lotianae
739 2320 842 2404 magis
878 2317 1104 2399 Merianaeque
1141 2317 1277 2382 factioni

143 2404 252 2468 favent
274 2426 369 2484 quarn
395 2403 511 2468 Beatae
535 2402 783 2487 Tranquillitati.
831 2405 916 2468 Bene
947 2403 1045 2467 habet
1076 2426 1130 2487 per
1160 2403 1276 2468 Jovenr

142 2489 367 2572 Capitolinum.
403 2488 566 2553 Vicimus.³
599 2489 680 2553 Nam
697 2492 780 2553 istuc
797 2491 901 2573 ipsum
919 2491 1154 2572 exspectabam.
1192 2487 1278 2552 Cura

141 2577 238 2656 igitur
263 2575 353 2638 tronis
376 2575 489 2639 avibus
512 2577 675 2638 oeconomi
700 2577 895 2658 provinciam
912 2581 944 2639 et
961 2575 1126 2658 voluptate
1150 2575 1277 2638 urbana

141 2660 243 2724 fruere
267 2661 448 2740 nostrisque
465 2662 603 2742 negotiis
619 2683 747 2724 manum
765 2668 938 2725 extremam
958 2663 1094 2744 impone.
1134 2661 1279 2724 Adamus

141 2747 224 2810 inter
257 2767 417 2810 sermones
452 2747 514 2810 duo
551 2748 687 2810 maxime
723 2747 856 2812 ridicula
892 2748 1043 2810 narravit.
1099 2745 1278 2826 Utrumque

143 2837 252 2897 natum
271 2831 347 2896 mihi
364 2832 489 2894 videtur
505 2855 543 2894 ex
561 2833 742 2912 ignorantia
766 2833 909 2913 falsaque
934 2833 1148 2914 persuasione.
1193 2830 1278 2908 Quid

142 2918 274 2983 obsecro
298 2919 451 3000 peccavit,
475 2919 528 2998 qui
552 2918 635 2981 dixit
660 2917 816 2981 llichdel?
861 2917 924 2981 Cur
947 2919 987 2980 ab
1012 2915 1177 3000 episcopo*
1196 2916 1278 2980 male

141 3004 290 3068 audivit?
334 3003 415 3078 Quid
449 3004 475 3065 si
511 3003 655 3080 dixisset,
688 3007 724 3066 ut
757 3004 850 3067 docet
882 3003 1018 3085 insignis
1050 3003 1280 3082 grammaticus

140 3088 372 3155 Nebrisseusis⁵
404 3087 602 3152 ltliclraelus‘?
647 3088 738 3165 Quid,
766 3090 794 3152 si
816 3111 927 3170 graece
952 3079 1119 3172 eroipl?
1175 3087 1278 3153 Revo-

141 3182 229 3240 cetur
251 3174 293 3239 ab
316 3173 425 3238 inferis
451 3173 658 3245 Democritus,
690 3180 813 3256 repetat
847 3175 1063 3238 intermissum
1088 3173 1142 3237 diu
1166 3175 1277 3237 risum.

144 3261 306 3326 Adonicus
339 3281 448 3323 versus
483 3266 531 3322 est
564 3257 777 3323 1111010011ῦ
815 3258 914 3339 „Care
947 3257 1112 3323 Michaal.“
1161 3257 1196 3322 Si
1220 3281 1278 3321 au-

141 3349 233 3411 tistes
267 3346 368 3409 bonas
402 3346 510 3409 literas
544 3345 716 3421 didicisset,
751 3345 862 3409 melius
896 3351 1043 3426 ageretur
1066 3367 1138 3409 cum
1162 3344 1279 3408 doctis.

142 3433 243 3498 Multa
268 3431 370 3495 fateor
393 3431 513 3494 didicit.
560 3431 687 3494 Peritos
703 3435 753 3494 est
768 3454 870 3495 rerum
889 3432 1068 3494 multarum.
1111 3431 1280 3512 Ingenium

142 3540 206 3582 non
231 3520 339 3582 deesse
363 3516 480 3580 scimus
501 3523 570 3579 tam
593 3515 695 3580 nobili
726 3519 858 3579 notario.
906 3515 1018 3579 Verum
1055 3516 1281 3597 qrraestuarias

142 3609 226 3668 artes
261 3603 383 3678 didicit,
419 3623 482 3666 non
516 3601 642 3664 latinas.
696 3601 791 3664 Novit
824 3624 873 3665 res
907 3602 965 3665 lori
996 3607 1028 3664 01
1062 3601 1177 3674 curiae,
1215 3623 1279 3664 non

142 3689 270 3754 scholae
300 3692 332 3752 et
361 3688 429 3751 otii.
476 3687 613 3750 Levibus
644 3692 676 3749 et
706 3686 824 3767 ineptis
856 3687 993 3768 ingeniis
1028 3686 1127 3749 citius
1161 3686 1282 3749 arridet

143 3798 239 3856 qnam
258 3774 361 3851 novis,
379 3774 442 3836 imo
459 3773 602 3852 antiquis
619 3779 651 3835 et.
665 3772 839 3854 probandis
864 3772 1089 3835 literatoribus.
1132 3771 1283 3834 Scribent

144 3860 348 3925 hauddubie
379 3858 512 3921 formam
545 3858 701 3920 examinis
733 3857 842 3920 diserti
867 3862 899 3919 et
922 3856 1100 3920 tuebuntur
1132 3856 1282 3920 alumnos

144 3947 308 4011 doctrinae
330 3944 486 4025 politioris
503 3948 614 4007 cont-ra
631 3943 795 4006 balborum
814 3942 951 4005 asseclas
966 3948 999 4005 et
1015 3941 1282 4022 theologistarum

146 4033 265 4096 simias.
313 4031 378 4094 Nos
402 4029 480 4092 haec
504 4027 636 4092 ridicula
660 4030 757 4091 missa
773 4027 936 4091 faciamus.
984 4025 1283 4102 11111111110111011

145 4118 269 4182 Dicitur
307 4115 439 4179 moleste
475 4113 554 4177 ferre
588 4135 680 4176 suum
716 4114 803 4176 illum
837 4114 1045 4176 carcerarium
1086 4111 1285 4194 pseudopro-

147 4204 274 4287 phetam
292 4200 459 4284 priucipali
483 4200 586 4263 edicto
602 4200 689 4262 abire
705 4202 737 4262 01
753 4204 855 4262 tacere
868 4197 1016 4280 jussum.⁸
1055 4196 1134 4275 Ohe,
1151 4197 1285 4279 pulchre

217 4338 332 4390 ¹Hund.
369 4335 563 4390 8178113.
635 4333 854 4386 1858214.
928 4333 1045 4386 ³Durch
1073 4332 1190 4386 Mutians
1219 4332 1285 4385 Em·

151 4407 282 4476 plehluug.
357 4404 491 4457 ⁴I‘eulus.
528 4402 553 4455 S.
573 4402 715 4454 08314.
786 4402 908 4454 ⁶Helius
935 4402 1065 4455 Antonius
1092 4416 1144 4454 uon
1168 4400 1287 4456 labri-xa

148 4477 175 4529 in
203 4472 456 4543 Spanierr,·t1522,
484 4471 676 4523 Gramrnntiker
701 4470 755 4522 und
784 4470 985 4524 Cornrueutator.
1055 4471 1178 4523 ⁶Auton.
1208 4469 1285 4522 Man-

146 4544 244 4606 cinelli,
272 4544 326 4596 ital.
355 4541 547 4595 Gramnratilrcr
569 4539 737 4593 110115..Ι11.
809 4539 896 4593 7,11)1.
933 4537 958 4591 S.
981 4537 1028 4590 108
1048 4540 1076 4592 A.
1098 4539 1121 4592 l.
1194 4538 1285 4607 ⁸Vgl.

145 4614 187 4672 Br.
207 4615 267 4667 odd.
