2774 4966
551 613 657 667 lintion
681 628 716 665 an
736 611 839 666 Urban.
1197 609 1260 675 239

123 852 239 922 (eous)
430 860 433 867 ⁴
659 834 729 899 188.
1007 849 1049 901 er.
1070 850 1137 917 Aug.
1158 848 1259 918 (1512.)

505 961 651 1031 Mutien
672 981 722 1030 an
744 961 882 1030 Urban.

127 1087 203 1153 (Ares
215 1087 265 1139 den
285 1087 507 1139 coraussirlrtlirlr
528 1086 649 1153 buluir'perr
669 1087 720 1138 tud
735 1087 778 1138 des
799 1086 920 1138 Trr'nlcrs
948 1085 1040 1136 Lolr'ue
1065 1085 1120 1137 1νὶἱὶ
1138 1084 1173 1136 Μ.
1191 1085 1265 1138 letne

124 1155 265 1222 Hoffmenp
289 1156 421 1222 prr'r'rrden.
459 1156 635 1221 Simrrncrr'ny,
659 1157 703 1206 der
725 1155 871 1222 rersprr'rlrl
894 1154 951 1204 erud
971 1153 1044 1204 rrr'clrt
1067 1154 1130 1215 lrr'r'lt,
1159 1154 1194 1204 iar
1222 1155 1264 1205 atr

128 1224 434 1284 autoramentum
453 1241 481 1275 er
498 1223 677 1275 lrotlllrrtr‘ans
696 1223 868 1275 certrarrlirlre
885 1222 1037 1288 Miller'luup
1055 1222 1264 1288 aruspeplaudcrt.

342 1292 466 1360 Pyrrh-us
484 1309 559 1343 uncas
577 1309 640 1343 rom
660 1291 780 1343 Freurute
795 1292 914 1357 perrraclrt
932 1290 1051 1356 reuertere.)

229 1406 438 1456 Limedeeimo
466 1407 497 1455 et
522 1404 622 1455 literis
650 1407 682 1455 et
709 1404 847 1453 moribus
876 1405 1024 1464 magistro
1051 1403 1092 1452 Η.
1119 1402 1247 1451 Urbano

372 1501 548 1548 oeconomo,
567 1490 666 1538 emico
683 1490 831 1549 primario
849 1489 893 1538 Μ.
911 1487 1023 1537 nurus.

234 1598 326 1679 „Tibi
342 1598 396 1676 dii,
414 1620 623 1682 quaecunque
647 1599 781 1680 preceris
806 1597 988 1673 Commoda,
1006 1596 1126 1660 dent.“'
1152 1596 1201 1660 lta
1218 1595 1265 1658 vir

130 1685 237 1749 bonus
262 1707 295 1746 es
319 1689 351 1747 et
373 1686 473 1748 comis
497 1690 594 1766 atque
624 1685 775 1747 urbanus
820 1684 963 1746 Excuses
988 1683 1107 1764 ingenii
1130 1703 1265 1764 pauper-

127 1776 242 1845 tatem,
278 1771 371 1850 quasi
401 1774 492 1833 tuum
524 1771 662 1833 nesciam
700 1770 829 1850 „rapido
856 1769 1031 1831 ferventius
1056 1770 1142 1831 amni
1172 1768 1265 1848 lnge·

131 1853 260 1920 nium“²
280 1861 312 1918 et
328 1856 458 1918 diuitem
477 1855 657 1919 intellectus
675 1877 797 1929 venam,
821 1859 853 1917 et
868 1876 939 1917 cum
956 1854 1084 1935 longam
1109 1855 1266 1916 detrectas

131 1940 288 2017 fabulam,
315 1940 410 2002 offers
426 1943 609 2016 maximam,
626 1961 809 2023 quanquam
833 1939 983 2015 laconice,
1004 1945 1156 2019 tanquam
1175 1938 1266 2001 Bruti

128 2027 284 2090 imitator.
330 2023 424 2088 Nunc
446 2027 530 2089 enim
553 2026 620 2089 scio
643 2026 817 2088 rediturum
848 2046 955 2088 senem
985 2020 1156 2088 tabidum.³
1202 2021 1264 2087 Sed

129 2111 220 2194 qnod
245 2133 285 2174 ex
308 2109 393 2173 Lotii
418 2110 530 2174 habitu
554 2111 689 2174 salutem
713 2111 790 2175 mihi
814 2109 980 2192 polliceris,
998 2130 1108 2190 parurn
1125 2108 1265 2190 adjuvat.

127 2195 254 2260 Memor
287 2195 372 2258 illius
403 2197 599 2278 paraenesis:
634 2195 786 2278 „Mortem
809 2197 841 2258 in
865 2195 995 2259 alterius
1026 2216 1113 2276 spem
1147 2198 1265 2257 certam

127 2303 249 2365 ponere
283 2279 397 2343 noli.“⁴
450 2279 608 2344 Credibile
643 2288 748 2344 tamen
784 2288 926 2363 potorem
961 2281 1123 2343 assiduum
1163 2280 1267 2341 vivere

130 2368 188 2430 diu
212 2387 276 2429 non
301 2387 403 2447 posse.
449 2366 562 2430 Verum
580 2368 663 2429 enim
690 2389 762 2429 uero
786 2367 948 2446 excogitat
963 2366 1091 2428 modum
1110 2363 1267 2440 eludendi,

131 2453 209 2514 dare
242 2451 311 2513 vult
346 2452 520 2514 domestico
555 2452 752 2515 beneficium.
799 2453 833 2514 ld
868 2474 938 2514 cum
975 2457 1058 2514 esset
1090 2450 1266 2531 uulgatum,

133 2537 201 2599 adii
241 2535 402 2599 consulem
437 2544 470 2600 et
502 2558 593 2618 spero
633 2559 694 2599 non
734 2537 926 2618 impetrabit.
986 2537 1121 2600 Multum
1159 2538 1267 2598 arcani

131 2621 290 2703 Pyrrhus⁸
323 2622 400 2684 mihi
424 2622 546 2685 detexit
572 2622 736 2685 adbibitus
768 2644 873 2685 cenae.
920 2622 1050 2684 Videtur
1072 2643 1141 2684 esse
1165 2623 1265 2684 nostri

132 2707 257 2770 ordinis
280 2713 348 2770 tum
374 2729 494 2771 morum
518 2707 723 2788 simplicitate
746 2715 812 2770 tum
837 2728 943 2770 amore
971 2707 1069 2769 studii
1100 2707 1266 2788 politioris.

132 2792 210 2870 Noe,
233 2793 277 2854 mi
301 2791 437 2870 Urbane,
459 2815 620 2856 servemus
635 2795 835 2874 gravitatem.
874 2792 1030 2867 Quoniam
1048 2792 1127 2854 nihil
1143 2792 1268 2855 futilius

131 2883 185 2942 est
207 2875 352 2954 Cotione,
376 2877 436 2940 hoc
459 2878 585 2941 nomine
608 2879 753 2959 signetur
775 2900 795 2940 a
816 2878 910 2941 nobis
933 2877 1027 2940 herus
1050 2875 1098 2940 S.⁶
1136 2877 1166 2940 ls
1182 2876 1266 2940 enim

133 2963 230 3027 Cotio
253 2961 382 3038 dicitur,
405 2963 460 3044 qui
482 2964 554 3046 plus
577 2964 737 3045 promittit
759 2984 853 3043 quam
878 2967 1028 3044 praestat.
1074 2962 1169 3025 Amat
1196 2961 1268 3024 offi-

133 3049 261 3124 cialem,
276 3048 328 3110 cui
344 3050 496 3130 patefecit
517 3050 633 3111 omnia.
680 3049 761 3111 Hinc
779 3049 929 3112 demanat
944 3071 993 3110 res
1009 3047 1048 3110 ad
1065 3047 1268 3119 Frontonem,

134 3136 176 3196 de
202 3133 363 3196 Frontone
386 3134 424 3196 ad
450 3139 577 3197 nostros
600 3136 808 3211 erlversarios,
826 3136 879 3216 qui
898 3156 989 3196 nosse
1006 3134 1119 3196 volunt
1134 3131 1265 3195 οιηιιίει.1

131 3297 342 3307 ———.--

208 3388 213 3418 ¹
232 3384 296 3438 Hor.
316 3383 370 3438 Sat.
389 3384 510 3452 11,8,u·›,
564 3387 574 3418 ²
593 3386 655 3439 Iler.
674 3385 726 3440 Sat.
745 3386 766 3451 l,
787 3387 827 3453 10,
837 3386 877 3440 (12.
933 3387 943 3417 ³
962 3389 1016 3438 lus
1034 3386 1080 3438 der
1097 3385 1266 3441 lakouischen

132 3456 264 3521 Melduug
276 3454 383 3507 Urbane
392 3455 516 3506 comatum
527 3454 570 3515 M,
581 3456 642 3507 dass
653 3456 700 3507 dor
708 3455 949 3521 sclrwindst'rclrtigo
960 3455 1034 3506 (licis
1046 3455 1267 3509 wiederlronimen

133 3526 233 3577 werde.
262 3523 320 3591 Vgl.
340 3521 445 3574 Reum
460 3524 507 3575 des
520 3523 594 3578 Cod:
613 3523 701 3576 ¹»Pauli
716 3523 805 3575 literas
823 3540 873 3575 non
892 3523 984 3587 redde,
1002 3538 1106 3590 possem
1124 3523 1175 3575 alio
1193 3531 1267 3578 aceto

133 3595 230 3647 tritara
248 3593 346 3644 sente
363 3606 448 3655 aures,
466 3591 490 3643 si
508 3591 630 3657 vellem«,
649 3593 717 3644 dazu
735 3591 777 3644 Br.
791 3593 837 3643 lt?
858 3592 893 3659 (S.
905 3591 980 3659 220:
999 3597 1040 3643 >ut
1057 3608 1104 3658 per·
1121 3591 1266 3646 Hernicum

134 3664 217 3715 hasco
236 3659 326 3736 literae
345 3659 378 3711 ad
395 3658 509 3736 Paplum
526 3659 671 3727 Myssener,
696 3676 791 3727 quarn
806 3660 950 3779 primum
975 3659 1162 3723 advenerit,
1182 3665 1267 3715 bans-

136 3731 251 3783 notras«
285 3726 419 3780 Hiernaoh
437 3730 472 3779 ist
495 3728 541 3780 der
559 3728 610 3780 alto
629 3728 782 3781 Kanouilrus
819 3727 906 3780 ’aulus
928 3727 1065 3794 ,llyssener
1083 3746 1116 3780 zu
1134 3730 1267 3797 rerntchn,

135 3801 185 3852 der
208 3798 276 3849 diter
299 3811 352 3848 uon
377 3794 466 3847 Eubrrt
489 3795 545 3847 sich
570 3797 704 3850 ontfenrte.
734 3797 791 3864 Vgl.
815 3796 839 3848 S.
858 3796 893 3849 8u
917 3798 947 3849 A.
967 3796 990 3850 ⁶2.
1050 3797 1154 3849 *Noch
1176 3799 1267 3855 Coton.

135 3868 204 3920 Dist
223 3880 288 3917 mor.
307 3863 329 3926 I,
351 3863 388 3916 19.
453 3863 588 3917 ⁵Tubero.
607 3864 631 3916 S.
652 3865 702 3918 210
720 3868 750 3916 Α.
772 3868 793 3917 l.
855 3863 1056 3933 ⁶S'ommering,
1075 3867 1121 3918 der
1138 3867 1189 3919 seit
1206 3869 1267 3920 dem

135 3932 326 3988 Iotianischen
345 3930 448 3985 Haudel
465 3947 518 3984 von
538 3932 638 3985 Mutian
658 3933 730 3984 nicht
748 3933 824 3983 mehr
841 3932 890 3984 mit
914 3933 959 3984 der
983 3933 1052 3986 alten
1076 3935 1269 4004 Ehrerbiotuug

137 4002 288 4056 benachtet
311 3999 386 4064 wird,
414 4001 464 4052 wie
482 4016 511 4052 er
529 4000 575 4052 ibn
599 4000 680 4052 sciron
704 4002 731 4052 in
755 4001 804 4052 deu
832 4001 928 4053 lotzton
955 4001 1058 4054 Briefcn
1083 4004 1163 4057 tronis
1184 4005 1268 4058 futilis

47 4114 49 4123 .
137 4074 229 4125 neunt.
266 4067 342 4121 cotio
360 4073 440 4121 neunt
457 4069 504 4120 ihn
522 4085 573 4122 rou
592 4085 645 4121 nun
664 4086 697 4121 an
718 4070 784 4122 doch
804 4070 877 4121 nicht
904 4071 1046 4137 durclrweg
1072 4071 1173 4125 Mutian
1199 4074 1268 4125 nach

137 4141 249 4194 retus:
267 4136 418 4190 »Coe-tiones
436 4137 500 4190 dicti
518 4138 641 4189 uidentur
659 4154 675 4189 a
692 4138 865 4202 cunctatione,
884 4140 953 4206 quod
971 4139 998 4190 in
1016 4142 1134 4192 emendis·
1152 4143 1266 4194 renden-

47 4244 54 4273 ι,
136 4206 232 4275 disqim
253 4204 385 4256 mercibus
407 4207 480 4258 tarde
506 4206 659 4273 perueniant
678 4208 711 4259 ad
725 4206 790 4272 justi
811 4208 886 4273 pretii
904 4210 1003 4259 limma
1039 4210 1080 4260 Au
1099 4211 1171 4261 einer
1188 4226 1210 4263 n.
1230 4212 1266 4263 St.

47 4280 52 4295 L
137 4278 210 4346 giebt
227 4274 325 4327 essars
342 4272 381 4324 als
399 4273 535 4341 Synonyrn
554 4275 666 4328 arilator.
704 4275 761 4341 l'gl.
781 4275 847 4327 oben
865 4279 890 4327 S.
912 4278 1052 4330 14716.
1107 4279 1207 4330 (tollius
1228 4281 1267 4345 ur,

137 4348 220 4399 ruat
237 4342 282 4395 dio
302 4340 378 4393 Form
396 4343 475 4396 cocio.
511 4341 612 4395 Mutian
639 4343 774 4394 uerbindot
792 4344 841 4395 mit
858 4344 918 4395 doru
945 4345 1034 4398 Worte
1053 4347 1094 4398 dio
1114 4347 1269 4414 Bcdoutung

136 4416 211 4468 einee
237 4409 472 4478 unzuuerllissigeu
499 4410 615 4464 Manuos,
689 4411 818 4463 'blut-iau
837 4412 941 4465 lrezicht
958 4415 1014 4465 sich
1034 4416 1080 4466 aut
1095 4415 1181 4466 dieses
1200 4419 1267 4466 Aus-

51 4506 54 4511 ·
137 4481 268 4551 plaudere
287 4477 375 4532 seioer
392 4479 574 4532 flenennnisso
593 4480 618 4530 ‘ur
638 4480 680 4533 Br.
703 4480 758 4540 181,
777 4482 857 4530 souin
875 4481 902 4531 in
921 4498 1006 4533 eurem
1031 4489 1135 4550 spiirorn
1153 4484 1203 4534 292
1222 4484 1269 4535 des

136 4545 577 4606 [ud.18.}¹rn1513:›1ntius
602 4564 699 4602 arcano
725 4549 817 4600 didicit
843 4548 969 4602 Frontone
999 4552 1138 4604 reuelante.
1175 4551 1269 4605 tronto

137 4617 280 4676 ementem
299 4615 394 4669 habuit
410 4618 552 4670 auctorem.
588 4616 713 4670 Officiulis
731 4617 795 4685 legit
813 4620 928 4672 nienaad
941 4619 1075 4672 cottonem
1092 4620 1190 4673 literas.
1225 4619 1269 4672 Sic
