2774 4966
10 39 980 292 .-

505 640 611 694 Mntian
629 656 663 694 au
682 639 844 693 Hartmeun.
1180 639 1244 707 533

22 839 24 842 ·
110 810 293 876 habeantur
315 815 347 876 et
370 812 462 895 quasi
494 810 648 875 vilescant
675 811 845 874 aestimato
875 811 978 893 pretio
1007 809 1244 875 sobelliuorum.

110 895 251 961 Mirabar
274 897 339 961 tale
362 896 551 961 beneficium
569 897 640 959 istis
655 895 893 960 barbarissimis
908 894 1059 976 gentibus
1075 895 1246 959 indulsisse

110 985 268 1045 naturam.
327 981 507 1063 Respondit
552 982 720 1045 Eobanus:
767 1001 830 1044 non
869 1002 973 1043 carere
1010 980 1244 1044 Hartmannum

107 1068 301 1131 auctoritate
336 1073 368 1131 et
401 1069 504 1149 gratia
539 1067 623 1148 apud
659 1066 850 1138 Bructerae,'
891 1065 1028 1129 Polonos
1064 1070 1097 1129 et
1132 1065 1245 1130 fratres

108 1150 311 1216 Teutonicos.
359 1151 530 1234 Cognitum
550 1153 621 1229 sibi,
639 1152 757 1235 quibus
773 1150 922 1215 laudibus
938 1151 1089 1215 Poloniae
1111 1171 1243 1232 regnum

107 1242 195 1302 tuam
231 1236 446 1319 eloquentiam
481 1237 621 1314 attollat,
658 1237 736 1319 qnid
768 1237 885 1300 Daciae
917 1257 1062 1320 proceres
1089 1237 1128 1300 de
1147 1236 1244 1317 juris·

108 1322 223 1404 peritia
246 1327 302 1385 tua
325 1322 510 1405 loquantur,
535 1345 598 1385 non
622 1323 691 1385 sine
725 1322 864 1385 maxima
894 1322 1114 1396 admiratione,
1148 1322 1244 1403 idque

109 1408 308 1470 verissimum
334 1430 402 1472 esse
425 1407 607 1471 affirmabat
632 1407 669 1471 de
693 1407 829 1490 pellibus
850 1408 883 1470 in
907 1408 1008 1489 pretio
1039 1406 1169 1484 habitis,
1198 1408 1243 1470 ita

109 1498 145 1555 ut
167 1498 298 1573 negaret
321 1494 492 1557 olosericas
516 1500 621 1556 restes
645 1514 786 1574 auroque
808 1495 948 1575 rigentes
971 1493 1070 1574 pluris
1087 1497 1242 1556 constare.

107 1577 267 1642 Servierat
300 1585 395 1660 poeta
427 1583 534 1643 noster
565 1579 713 1661 episcopo
746 1578 915 1655 ditissime,
940 1579 990 1641 cui
1013 1578 1054 1640 ob
1077 1578 1241 1659 ingenium

106 1668 139 1726 et
161 1663 254 1727 fidem
279 1669 311 1726 et
334 1665 542 1728 suavissimos
567 1686 670 1727 mores
693 1664 896 1745 gratissimus
918 1668 995 1726 erat.
1040 1663 1162 1727 Nomen
1187 1685 1242 1728 ex-

106 1748 183 1811 cidit
217 1746 320 1812 mihi?
367 1749 536 1813 Habitavit
566 1750 598 1812 in
630 1749 704 1812 aula
733 1770 804 1811 cum
837 1747 946 1811 eodem
977 1749 1125 1830 episcopo
1153 1752 1186 1812 st
1208 1749 1242 1812 iu

107 1833 253 1897 intimam
277 1832 528 1898 familiaritatem
554 1839 667 1917 utpote
689 1833 897 1898 cancellarius
925 1838 958 1897 et
988 1835 1142 1915 interpres
1173 1856 1243 1918 per-

106 1919 204 1982 venit.
250 1918 391 1983 Tandem
428 1919 503 1984 fatis
538 1921 584 1983 ita
620 1920 821 1984 volventibus
854 1919 974 1983 relictis
1006 1918 1167 1983 Bructeris
1201 1919 1240 1983 ad

106 2003 282 2068 Erfurdiam
312 2005 505 2086 remigravit.
552 2004 647 2068 Miror
669 2011 775 2069 autem
799 2004 884 2067 hunc
913 2004 1009 2068 talem
1043 2005 1241 2086 magistrum,

105 2094 170 2152 tam
186 2101 199 2129 ⁵
224 2091 384 2171 egregium
402 2095 530 2172 poetam
547 2091 652 2154 minus
668 2113 735 2154 esse
748 2094 823 2153 tuae
839 2088 1031 2152 sublimitati
1043 2088 1241 2167 familiarem,

106 2196 177 2238 cum
201 2175 406 2239 doctissimus
433 2176 568 2259 quisque
592 2176 822 2239 Germanorum
845 2175 920 2238 huic
942 2175 1080 2238 lauream
1098 2175 1241 2257 primam,

104 2260 168 2324 imo
207 2261 293 2341 quod
330 2261 431 2344 majus
468 2268 516 2324 est
550 2261 796 2325 christianorum
834 2265 998 2343 poetarum
1037 2259 1173 2343 palmam
1209 2266 1241 2325 et

105 2348 320 2428 praestantiae
355 2367 504 2411 coronam
539 2348 691 2428 assignet.
737 2346 826 2410 Jussi
860 2346 968 2423 igitur,
1000 2351 1036 2410 ut
1065 2346 1174 2409 statim
1207 2368 1241 2409 se

104 2430 175 2508 tibi,
200 2431 376 2496 Maecenati
400 2438 521 2508 nostro,
557 2432 743 2496 insinuaret.
788 2429 955 2495 Miraberis
990 2431 1238 2496 concinnitatem
1317 2494 1320 2501 ,

105 2516 263 2581 carminis.
308 2516 379 2581 Non
411 2518 554 2595 Bavium,
583 2538 646 2581 nou
677 2516 847 2593 Maeuium,
872 2537 936 2580 non
959 2515 1151 2593 Choerilum,
1184 2517 1240 2582 sed

105 2600 265 2666 Tibullum
298 2608 330 2665 et
361 2602 510 2668 Ovidium
545 2603 706 2686 exprimit.
753 2602 866 2667 Parum
901 2602 977 2665 dixi.
1023 2601 1183 2666 Tibullum
1208 2612 1241 2667 et

107 2687 267 2766 Ovidium,
291 2688 339 2751 vel
363 2689 390 2752 si
413 2689 491 2772 quid
513 2689 546 2752 iu
571 2709 608 2752 eo
632 2709 747 2769 genere
771 2688 963 2771 praeclarius
979 2692 1037 2766 est,
1054 2688 1150 2769 louge
1168 2694 1241 2769 post

108 2794 141 2836 se
165 2772 333 2837 intervallo
355 2773 515 2857 reliquitb
538 2779 570 2837 et
593 2773 719 2838 obtinet
741 2773 873 2855 gloriam
900 2795 1061 2857 uunquam
1080 2774 1240 2838 interituri

106 2858 253 2922 nominis.
301 2858 377 2940 Ege,
401 2861 444 2922 mi
468 2859 592 2941 praesul
616 2864 648 2923 et
671 2864 814 2942 patrone,
833 2860 888 2942 qui
913 2882 952 2923 ex
975 2859 1124 2923 secundis
1144 2859 1239 2924 rebus

105 2944 171 3007 tuis
207 2944 423 3008 incredibilem
459 2944 655 3027 voluptatem
692 2945 846 3026 concipio,
875 2950 963 3008 totus
991 2944 1138 3008 addictus
1164 2951 1239 3011 tuae

109 3028 264 3105 felicitati,
287 3029 454 3094 Eobanum
485 3030 620 3093 Hessum
653 3029 787 3094 concilio
810 3031 930 3094 tibiae
952 3030 1063 3094 dedico
1095 3030 1237 3094 futurum

104 3116 135 3176 iu
167 3118 223 3178 tua
254 3116 355 3179 tutela
383 3121 414 3179 et
446 3115 612 3199 praesidio
662 3116 927 3180 Honestissimum
962 3119 1047 3180 esset
1074 3120 1106 3178 et
1137 3115 1240 3181 instar

105 3201 366 3279 immortalitatis,
390 3202 417 3265 si
442 3203 572 3265 Crotum
590 3208 623 3264 et
638 3200 804 3266 Eobanum
821 3201 941 3266 Fuldae
956 3202 1065 3265 aleres
1107 3200 1236 3264 Crotum

106 3285 209 3349 fecisti
234 3287 436 3360 cardinalem,
461 3292 561 3350 restat
584 3291 620 3349 ut
642 3285 739 3351 Croto
764 3295 890 3369 poetam
921 3287 1156 3351 nobilissimum
1181 3286 1238 3351 ad·

101 3371 226 3452 jungas.
273 3371 343 3434 Nou
369 3373 449 3453 petit
482 3372 671 3453 templorum
708 3373 888 3453 vectigalia,
923 3393 1024 3453 neque
1059 3373 1141 3435 enim
1177 3372 1238 3436 diis

105 3456 259 3537 fumigare
283 3462 389 3539 potest
411 3457 507 3520 ducta
530 3458 657 3520 domum
683 3459 815 3538 virgine,
838 3481 876 3520 ex
901 3480 963 3540 quo
994 3480 1070 3521 saue
1102 3457 1237 3539 intelligi

104 3546 220 3623 potest,
245 3563 358 3623 magne
377 3543 532 3625 pontifex,
550 3542 670 3623 optime
687 3542 752 3605 fore
768 3543 992 3625 cancellarium
1011 3543 1058 3606 vel
1075 3564 1235 3606 censorem

101 3628 304 3702 rusticorum,
328 3649 521 3710 quamquam
551 3627 590 3690 ad
618 3629 727 3690 omnia
756 3629 841 3691 domi
876 3628 1015 3709 forisque
1049 3628 1238 3692 illustranda

104 3713 195 3775 valde
228 3712 362 3775 idoneus
385 3735 454 3776 esse
479 3712 631 3776 videatur.
678 3711 790 3776 Verum
826 3712 905 3777 haec
938 3720 1013 3776 tuae
1048 3712 1238 3796 prudentiae

103 3798 231 3879 plenius
255 3797 470 3880 dispensanda
492 3798 647 3879 relinquo,
672 3804 842 3862 contentus
864 3798 1022 3863 obtulisse
1045 3799 1180 3880 primum
1204 3804 1237 3863 et

102 3882 308 3947 utilissimum
332 3889 509 3964 poetarum,
532 3884 564 3947 iu
588 3904 653 3966 quo
677 3883 764 3947 nulla
787 3884 980 3966 malignitas
1010 3884 1116 3948 nullus
1145 3883 1237 3961 livor,

102 3968 189 4031 nulla
223 3969 407 4049 arrogantia
443 3970 602 4033 timeatur.
648 3967 749 4032 Totus
781 3969 866 4033 enim
901 3969 1020 4052 probus
1054 3973 1112 4045 est,
1146 3974 1237 4033 totus

102 4055 253 4130 sincerus,
287 4057 374 4117 totns
406 4054 568 4118 modestus
592 4058 624 4118 at
646 4054 818 4129 officiosus,
847 4054 879 4116 in
910 4056 1000 4119 seriis
1023 4058 1177 4132 attentus,
1201 4054 1234 4118 in

98 4138 180 4220 jocis
202 4139 345 4201 urbanus
369 4144 401 4202 et
424 4140 573 4221 cytharae
596 4139 723 4204 deditus
738 4146 770 4204 et
787 4140 906 4222 plener
929 4141 1069 4203 omnium
1087 4140 1234 4203 horarum

103 4287 145 4292 ...-
150 4286 307 4294 ---—-—

170 4370 184 4397 κ
197 4357 224 4407 et
241 4361 304 4408 stati
323 4364 376 4409 taur
400 4357 472 4408 l'eur.
544 4361 557 4397 ¹³
572 4357 696 4425 relinquit
716 4357 790 4410 itur.
861 4372 873 4399 ο
884 4360 962 4479 ibbone
983 4357 1057 4410 Terra.

173 4424 330 4477 ¹De1untcr
358 4426 477 4477 rersteht
496 4424 530 4479 M.
555 4426 630 4478 nicht
656 4427 702 4478 das
730 4443 780 4479 von
808 4426 858 4478 den
910 4429 999 4479 “mern
1016 4442 1045 4479 so
1066 4425 1233 4479 bezeichnete

103 4491 169 4543 Vollr
180 4508 212 4545 an
223 4493 270 4544 der
281 4493 352 4559 Erus,
364 4495 474 4546 sondern
493 4494 535 4545 dio
553 4494 711 4546 Einwohner·
729 4495 775 4546 des
793 4494 987 4547 [lidonslandcs
1006 4494 1145 4548 Prousaen.
1174 4491 1234 4560 Vgl.

101 4560 126 4612 S.
144 4559 196 4614 489
214 4565 244 4613 Α.
263 4563 287 4615 4.
359 4561 500 4614 ²Biscl10b
526 4562 595 4614 llinb
623 4578 673 4616 rou
698 4562 868 4629 Riesenburg.
903 4554 977 4616 liber
1002 4562 1060 4614 deu
1088 4558 1243 4613 tentanum*

103 4627 206 4684 Eobaus
223 4630 249 4682 in
270 4629 398 4684 l'reussen
418 4631 612 4704 (leur-1513)
632 4630 773 4702 Kranae,
787 4630 824 4689 M.
838 4632 878 4690 ii.
891 4631 921 4697 l,
932 4629 1075 4685 err-rue.
