2774 4966
398 710 470 766 Wolf
485 730 519 767 an
537 713 650 768 Mutian.
687 713 791 766 Mutieu
810 730 844 767 au
862 712 939 767 Wolf.
1167 719 1229 783 627

110 888 155 954 ita
180 889 308 971 periisse
331 887 499 969 Ephesium
525 886 716 950 Heraclitum
732 900 745 927 ⁸
768 886 988 969 philosophum
1013 891 1125 952 oiseis
1141 889 1231 953 fami-

110 983 251 1058 geratum
288 979 320 1037 et
353 973 505 1036 inclitum.
550 971 621 1036 Non
656 974 745 1055 potui
779 973 885 1054 aliquo
919 981 1011 1057 paeto
1045 996 1094 1037 me
1127 977 1229 1057 ipsum

110 1064 160 1125 his
192 1061 357 1135 consolari,
389 1082 469 1140 quae
501 1058 679 1141 philosophi
711 1060 748 1121 de
772 1060 962 1139 perferendis
985 1062 1230 1126 adversitatibus

112 1148 319 1230 perscribunt.
365 1146 431 1226 figo
456 1154 531 1224 lnon
556 1146 652 1227 pudet
675 1145 778 1223 fateri)
801 1169 840 1206 ex
864 1146 1004 1227 singultu
1022 1152 1054 1210 et
1069 1147 1230 1211 doloribus

112 1240 253 1298 mutatus
276 1254 354 1304 sum,
382 1252 441 1294 non
465 1238 572 1293 tamen
597 1232 626 1292 in
652 1253 764 1294 saxum
789 1239 843 1293 aut
866 1241 1016 1308 statuam,
1045 1240 1080 1297 ut
1108 1233 1230 1297 Nioben

112 1321 305 1394 fabulantur,
339 1324 479 1380 mutatus
514 1325 618 1380 tamen
654 1339 721 1380 sum
753 1339 792 1379 ex
812 1317 925 1397 jurene
961 1318 1051 1382 hilari
1085 1325 1116 1382 et
1149 1320 1231 1383 laeto

112 1407 214 1469 factus
247 1426 343 1466 senex
379 1408 517 1466 moestus
541 1412 573 1465 et
595 1403 763 1484 querulus;
799 1425 870 1465 nam
901 1405 956 1484 qui
985 1403 1081 1467 XXX.
1117 1407 1231 1469 aetatis

113 1514 229 1555 annum
255 1490 393 1552 nondum
418 1489 580 1570 complevi,
606 1490 770 1569 appareob
804 1491 954 1554 annosior
988 1492 1055 1571 ipso
1089 1490 1230 1555 Nestore.

114 1578 257 1641 Profecto
283 1597 343 1639 non
369 1581 432 1637 tarn
457 1576 531 1637 anni
555 1595 648 1653 quam
673 1576 851 1638 anxietates
873 1581 1066 1639 senectutem
1084 1577 1229 1641 afferunt.

114 1665 224 1745 ltaque
247 1664 272 1725 si
297 1663 379 1724 istue
402 1683 526 1734 venero,
551 1660 672 1723 videbis
695 1659 846 1723 'l‘homam
870 1684 986 1737 senem,
1009 1663 1105 1726 immo
1128 1663 1232 1726 ‹leore-

115 1753 224 1831 pitum,
248 1770 370 1823 canum,
395 1748 528 1820 calvum,
551 1745 743 1821 edentulum,
767 1758 902 1810 mnoooc
929 1756 960 1811 et
983 1748 1117 1828 paedore
1132 1751 1233 1831 magis

115 1836 282 1897 deformem
308 1856 401 1915 quarn
425 1854 502 1894 auro
518 1839 549 1893 et
565 1837 695 1912 argento
719 1838 878 1894 onustum.
917 1833 999 1896 Vale.
1040 1835 1233 1916 Argentinae

114 1923 226 1985 cursim
246 1943 283 1982 ex
300 1919 431 1981 aedibus
452 1919 568 1981 nostris
587 1915 693 1979 idibus
711 1916 900 1981 Decembris.
939 1919 1030 1983 Anno
1053 1920 1093 1983 Μ.
1118 1922 1146 1984 d.
1172 1928 1231 1983 1111.

214 2023 328 2074 loarmos
346 2021 452 2075 tiarson.
471 2020 510 2071 Do
528 2019 633 2070 miseria
650 2019 771 2072 humana.
808 2023 913 2086 Argeut.
935 2021 1006 2074 1505.
1026 2021 1046 2075 C
1063 2022 1110 2076 ob.

114 2211 204 2263 Gotha.
634 2193 705 2257 559·
1018 2210 1058 2265 30.
1077 2210 1139 2264 Dea.
1159 2213 1233 2266 1504.

495 2318 639 2389 Mutian
661 2338 708 2388 an
731 2319 855 2388 Wolf.¹

114 2451 221 2514 (Tro'stel
242 2448 288 2500 ile
306 2448 433 2500 urirlsieh
451 2447 576 2500 ”sibenden
598 2448 648 2501 rod
665 2449 738 2500 ili-rer
762 2449 871 2501 Bm'r'der.
909 2448 1033 2516 Spatalen
1057 2449 1098 2502 bei
1119 2450 1177 2502 thir
1199 2468 1236 2502 aar

116 2519 223 2572 Besrnh.
261 2517 411 2583 ,liitteihnzq
431 2534 478 2568 corr
496 2517 541 2568 der
558 2516 634 2569 rerer
651 2518 694 2569 des
718 2516 961 2584 ll'eilrnorhtssestes
973 2519 1030 2570 und
1045 2519 1090 2570 der
1111 2519 1235 2572 Gedtirlrt·

364 2586 464 2653 rrr'stnpe
481 2586 526 2637 cler
542 2585 576 2637 hl.
597 2586 745 2653 Simidalene
762 2587 819 2638 und
835 2586 985 2652 uouemus)

162 2702 323 2751 mutianus
340 2700 442 2751 Rufus
461 2701 657 2759 antiquarius
674 2700 725 2752 D.¹
744 2701 852 2751 doctor
869 2702 1004 2752 ‘rhomae
1022 2701 1189 2763 Vuolphio.

607 2787 636 2836 S.
654 2788 693 2837 D.
711 2788 746 2838 P.

218 2896 325 2978 Inepte
349 2918 521 2978 precamur,
544 2903 581 2961 ut
603 2898 721 2961 multos
744 2901 797 2961 det
818 2897 941 2979 Jupiter
968 2920 1078 2962 annos.
1123 2896 1236 2960 Melius

117 2981 272 3058 Socrates
297 2985 352 3063 qui
375 2983 451 3045 nihil
477 2984 559 3046 ultra
582 2984 753 3066 petendum
776 3007 794 3046 a
818 2984 877 3046 diis
900 2983 1124 3059 arbitrabatur,
1141 3004 1235 3064 quam

117 3074 153 3132 ut
190 3070 277 3131 bona
313 3069 498 3132 tribuerent.
557 3069 624 3132 Hoc
660 3078 731 3132 utar
769 3091 827 3152 ego
865 3068 1026 3133 Socratico
1073 3069 1234 3133 breviario.

117 3154 232 3218 Eodem
257 3176 331 3218 usos
355 3160 432 3236 pulo
457 3155 568 3218 fratres
599 3160 725 3218 nostros
748 3162 780 3218 et
801 3155 842 3218 ob
866 3156 896 3217 id
920 3161 1062 3231 mortem,
1097 3154 1237 3237 profecto

116 3264 180 3304 rem
204 3241 333 3304 minime
361 3241 486 3317 malam,
510 3243 709 3324 impetrasse:
734 3242 800 3304 sive
822 3241 860 3303 ad
886 3262 1013 3322 campos
1035 3241 1156 3323 Elysios
1172 3241 1238 3303 sive

117 3329 155 3390 ad
191 3327 281 3390 Jovis
315 3326 419 3390 aulam
455 3330 520 3390 sive
554 3327 592 3391 ad
625 3334 784 3390 aeternam
822 3329 960 3407 requiem
994 3327 1236 3409 proficiscamur.

119 3413 198 3476 Nam
222 3415 276 3494 qui
301 3413 338 3474 de
361 3413 469 3475 inferis
502 3435 611 3494 parum
646 3414 729 3476 laeta
763 3420 901 3488 narrant,
936 3414 1059 3494 poetico
1093 3413 1239 3476 nituntur

119 3501 269 3581 auspicio.
285 3499 299 3536 ‘¹
344 3499 405 3561 Sed
422 3499 472 3579 pie
488 3499 675 3563 credendum
693 3504 741 3562 est
756 3499 884 3562 coelites
900 3498 1023 3562 demum
1041 3499 1121 3562 bene
1137 3519 1238 3576 nosse,

120 3586 194 3665 quid
218 3587 332 3667 cuique
355 3585 397 3647 sit
419 3585 506 3661 utile,
529 3608 598 3648 enm
620 3607 692 3647 vero
709 3587 882 3666 sapientem
900 3606 976 3663 esse,
994 3586 1097 3665 quise
1113 3583 1237 3648 illorum

120 3673 282 3750 permittat
318 3671 459 3733 arbitrio.
517 3670 627 3751 ltaque
666 3693 728 3734 non
768 3677 815 3733 est
849 3677 884 3733 ut
918 3678 1043 3752 propter
1080 3671 1239 3735 extinctos

119 3778 282 3838 germanos
316 3759 346 3819 in
378 3778 488 3819 saxum
525 3758 611 3820 velut.
646 3758 718 3819 olim
755 3757 854 3819 Niobe
888 3756 996 3819 liberis
1029 3757 1094 3820 suis
1127 3757 1239 3820 orbata

121 3849 287 3904 vertamur.
332 3843 421 3918 Quod
453 3844 480 3904 si
510 3844 604 3906 citius
638 3864 731 3923 quam
765 3844 931 3924 opinamur
962 3843 1163 3906 consenuisse
1185 3865 1241 3926 ap·

121 3935 238 4010 pareat,
264 3929 427 3992 formosior·
451 3934 498 3992 est
522 3937 624 3992 tamen
650 3931 727 3992 haec
758 3929 980 4010 intempestiva
1008 3934 1154 3992 senectus
1183 3935 1240 3993 tna

120 4015 352 4097 speciosissima
381 4016 552 4079 Alcibiadis
572 4016 747 4096 juventute.
793 4013 885 4095 Viget
908 4016 990 4076 enim
1008 4036 1121 4078 nomen
1139 4021 1239 4091 tuum,

120 4104 221 4183 spirat
245 4101 415 4180 ingenium,
439 4102 529 4165 floret
551 4102 695 4173 eruditio,
719 4122 799 4180 quae
824 4112 887 4162 lam
912 4101 974 4163 late
996 4100 1173 4181 divagatur,
1205 4107 1241 4164 ut

122 4189 216 4266 dignu
252 4187 386 4248 saeculis
410 4194 440 4250 et
464 4188 583 4251 nullurn
616 4189 683 4250 aeri
716 4187 810 4248 lehun
835 4187 1053 4268 pertimescere
1087 4188 1239 4249 videatur.

120 4274 198 4337 Mihi
221 4274 347 4354 quidem
371 4273 474 4354 fulgor
497 4275 581 4337 illius
610 4295 706 4354 quum
730 4273 808 4335 alias
831 4288 898 4335 rum
915 4275 1052 4336 maxime
1068 4274 1098 4335 in
1117 4274 1242 4335 literis⁰

122 4361 185 4423 tois
224 4359 402 4422 novissimis
436 4361 591 4442 apparuit.
648 4359 731 4422 fleus
770 4358 860 4433 bone,
898 4366 1017 4438 quanta
1051 4359 1241 4432 urbanitate,

122 4447 251 4528 quantis
288 4447 515 4509 sententiarum
551 4445 723 4509 luminibus
750 4466 803 4509 eos
831 4444 989 4508 refersisti.
1036 4445 1103 4520 Quo
1135 4447 1241 4526 accepi

190 4666 203 4692 a
217 4649 379 4703 heraditum.
451 4653 586 4716 bitporeo.
656 4664 781 4700 crnuero.
850 4647 1007 4714 duuspitio.
1075 4644 1248 4695 strueres

194 4723 337 4771 ¹.·lntwort
355 4719 401 4771 anf
418 4717 466 4770 den
487 4719 594 4788 rorigeri
611 4717 657 4772 Pe.
727 4722 739 4751 r
770 4743 778 4747 »
808 4716 1004 4771 hoeretorunu.

1010 4777 1082 4843 aa*
