2774 4966
553 612 658 669 Mutian
676 631 709 669 an
729 601 828 670 Urbau.
1211 604 1253 682 45

129 784 235 865 bonis,
259 810 321 853 aon
345 790 436 853 malis
452 791 574 854 artibus
590 791 649 855 niti
666 797 698 855 et
713 792 859 855 notitiam
873 805 887 830 ⁸
909 813 1099 856 summorum
1118 792 1253 855 virorum

125 875 249 939 ambire
283 875 438 939 volumus.
483 877 640 957 Ignoscite
668 883 700 940 et
723 880 870 960 cogitate,
899 879 974 960 quid
1006 880 1082 941 lraec
1104 900 1153 941 res
1177 878 1251 940 boni

126 963 300 1024 contineat.

284 1064 345 1117 t'od.
365 1063 429 1115 Frcl.
448 1063 489 1115 32,

124 1233 245 1300 (Gutha)
659 1236 709 1299 39,
784 1234 822 1302 (E.
843 1234 909 1288 Nor.
928 1236 990 1287 oder
1009 1236 1064 1289 Aul.
1083 1234 1145 1286 Dea.
1166 1235 1252 1300 1:305.)

507 1362 649 1433 llutiau
671 1383 719 1432 an
744 1362 881 1432 Urbau.

124 1492 194 1554 (Der
212 1491 274 1544 Bole
292 1491 366 1544 Ilion
386 1492 434 1544 ruit
458 1491 563 1544 orbans
584 1493 751 1545 deserina-en.
794 1493 882 1558 Braesc
905 1509 942 1544 aar
966 1492 1057 1544 Atlas.
1097 1491 1172 1543 (lebet
1194 1491 1254 1557 satra

224 1561 356 1628 (tetingen.
392 1560 539 1624 Balatroni,
558 1562 621 1614 (Insa
638 1563 683 1614 der
703 1562 751 1613 ΑΜ
768 1563 819 1614 aad
843 1562 1018 1628 cumanam
1036 1561 1168 1627 *reia-eurr.)

502 1677 543 1727 H.
561 1677 688 1727 Urbano
706 1678 749 1727 M.
767 1676 878 1727 Rufus.

232 1784 334 1851 Salus.
384 1788 530 1852 Hilariter
557 1790 657 1871 accipi
676 1787 769 1869 jubes
793 1788 986 1851 luculentum
1012 1808 1125 1849 mirnus
1148 1791 1248 1848 tuum.

125 1871 199 1953 Ego
232 1896 303 1936 vero
334 1875 402 1956 ipsa
426 1874 545 1938 Hilario
568 1876 731 1938 advenisse
755 1877 867 1938 sentio
914 1873 1044 1954 Bajulus
1068 1873 1133 1954 ipse.
1158 1872 1252 1953 plane

124 1959 233 2022 bonus
250 1959 343 2023 bomo
360 1961 541 2025 rhetoriceb
565 1962 762 2044 loquebatur.
797 1961 884 2022 Dixit
901 1960 1095 2041 procamium,
1113 1959 1252 2020 narrarit

123 2051 160 2108 et
176 2045 211 2107 in
227 2048 434 2128 peroratione,
461 2069 523 2129 qua
547 2049 683 2110 maxime
706 2047 853 2109 movendi
877 2052 952 2108 sant.
967 2046 1137 2118 auditores
1162 2067 1251 2107 num·

125 2152 198 2194 mos
232 2134 390 2214 expendit..
446 2131 500 2197 Sic
535 2135 699 2216 persuasit,
734 2156 770 2196 ac
799 2135 824 2195 si
849 2153 982 2213 magnus
1016 2136 1099 2194 esset
1136 2138 1251 2193 orator.

122 2217 318 2298 InterrogaS,
343 2241 405 2302 quo
421 2221 463 2284 sit
479 2242 555 2284 usus
573 2221 734 2302 principio.
768 2219 920 2282 Nimirum
939 2218 1071 2281 honesto
1089 2223 1119 2280 et
1135 2216 1249 2298 amplo.

125 2303 226 2367 Novit
249 2305 299 2368 ille
332 2327 393 2369 non
425 2307 532 2370 eadem
565 2306 711 2369 omnibns
741 2306 872 2389 placere,
906 2303 1082 2367 Matianum
1107 2302 1251 2379 honesto,

123 2393 359 2455 concanonicos
382 2393 464 2466 utili,
498 2393 590 2455 rudes
620 2392 760 2473 jucundo
794 2391 951 2454 delectari.
1002 2390 1113 2470 Itaque
1146 2391 1251 2471 gravis

123 2482 196 2539 erat
219 2481 250 2539 et
271 2499 406 2542 severus.
451 2479 581 2555 Deinde,
604 2479 687 2560 quod
711 2480 755 2542 ita
777 2478 844 2541 fieri
867 2477 971 2554 debet,
1005 2477 1140 2540 breviter
1156 2482 1188 2539 et
1203 2476 1251 2539 di-

126 2563 232 2626 lucide
255 2586 317 2627 rem
342 2567 498 2649 exposuit.
543 2565 584 2627 Et
606 2571 642 2628 nt
657 2565 837 2628 ostenderet
852 2586 885 2626 se
905 2562 1059 2641 Stoicum,
1084 2562 1251 2643 conjunxit

127 2653 336 2713 nummariam
361 2653 530 2715 utilitatem
556 2652 700 2715 honesto.
746 2651 823 2713 Nam
853 2649 952 2713 Stoici
975 2657 1144 2730 utrumque
1167 2671 1250 2711 nexu

125 2736 218 2798 firmo
242 2737 400 2818 copulant..
446 2737 507 2801 Sed
539 2759 597 2818 ego
628 2760 689 2800 non
724 2738 802 2800 satis
835 2737 909 2808 scio,
943 2758 983 2799 an
1019 2736 1185 2798 honestum
1209 2737 1251 2798 sit

125 2823 186 2885 abs
210 2829 241 2885 te
265 2825 428 2905 pecuniam
453 2826 635 2905 accepisse'
675 2825 709 2885 ln
734 2823 898 2887 consilium
920 2844 1029 2885 omues
1045 2821 1251 2904 philosophos

125 2909 300 2988 advocabo,
336 2917 370 2973 ut.
393 2912 508 2974 veritas
542 2912 732 2973 examinatis
768 2908 936 2971 multorum
967 2909 1134 2971 sententiis
1163 2910 1249 2970 inre-

128 2996 244 3059 niatur.
291 2995 335 3058 bii
358 2996 494 3072 Urbane,
518 2998 596 3060 scito
620 3019 669 3060 me
692 3019 758 3058 esse
782 2994 982 3058 ditissimum.
1028 2993 1126 3057 Crede
1149 2995 1251 3057 doctis

129 3092 162 3145 et
187 3083 288 3144 bonis.
321 3105 382 3146 non
412 3084 505 3164 vulgo
530 3084 752 3165 imperitorum.
798 3082 980 3144 Sacerdotia
1004 3088 1129 3162 propter
1153 3081 1250 3143 libros

129 3174 209 3249 peto.
257 3166 369 3232 Cetera
400 3192 461 3233 non
494 3170 616 3231 ‹lesunt
663 3168 705 3230 'l'e
733 3190 802 3231 creo
834 3174 1075 3249 procuratorem.
1122 3165 1156 3229 Si
1180 3188 1249 3248 pro-

128 3255 288 3317 curaveris
305 3255 434 3336 aliquid,
461 3257 489 3318 id
507 3256 658 3318 coenobio
677 3255 804 3318 dabitur
821 3256 852 3315 in
869 3253 1102 3316 bibliothecam.
1128 3253 1249 3314 literas

129 3362 214 3403 areas
239 3340 371 3422 perlege,
396 3341 547 3424 perlectas
570 3365 633 3404 una
656 3363 724 3404 cum
751 3342 813 3402 tuis
837 3348 869 3402 et
892 3340 1048 3422 &palatini
1071 3339 1108 3401 ad
1136 3339 1246 3402 aldum

130 3426 310 3490 Foccbariis
333 3425 432 3491 dato.²
478 3427 547 3491 Tibi
572 3451 697 3510 parvam
723 3429 849 3508 impono
870 3449 1032 3489 summam.
1082 3426 1145 3504 llgo
1163 3433 1250 3507 pate-

130 3515 223 3576 factis
247 3513 368 3577 foribus
385 3517 543 3578 notitiaec
566 3515 647 3597 arpird
667 3513 845 3576 blanutium
864 3510 1034 3574 centenos³
1057 3514 1189 3574 mittam.
1213 3511 1247 3573 ln

128 3601 186 3663 bac
209 3623 273 3663 una
299 3623 332 3663 re
354 3606 441 3664 totus
464 3623 578 3664 versor.
630 3600 771 3680 tlbsigna
804 3606 858 3663 tuo
891 3600 991 3678 signo.
1043 3597 1120 3660 Item
1155 3599 1247 3660 lidenr

128 3687 354 3770 inquilinorum
395 3687 542 3750 tuorum⁸
588 3687 737 3769 implora,
781 3709 816 3748 ne
850 3685 986 3748 Venetiis
1021 3690 1248 3747 remoramenta

129 3778 307 3837 nascantur.
354 3774 379 3835 0
404 3795 461 3836 nos
485 3775 603 3850 beatos,
627 3776 652 3835 si
671 3795 718 3834 res
735 3773 811 3834 baec
836 3771 913 3834 bene
930 3771 1070 3833 cesserit!
1117 3771 1247 3848 Odens,

128 3861 248 3943 aspira!
311 3859 457 3940 Reliquas
497 3882 600 3941 preces
634 3866 668 3922 tu
707 3881 775 3921 cnm
813 3857 978 3939 Spalatino
1013 3858 1107 3919 dicas.
1167 3857 1246 3919 Vale.

130 3946 291 4010 blatianus
315 3948 382 4028 agit
412 3947 531 4026 gratias
555 3953 586 4009 et
609 3969 641 4008 se
664 3947 722 4009 libi
754 3950 856 4008 totum
884 3944 1017 4006 dedicat.
1063 3943 1123 4005 Ubi
1147 3945 1248 4024 pulvi-

192 4187 206 4215 ι
220 4173 350 4225 noticiam.
387 4174 400 4210 b
414 4171 548 4224 rethorice.
584 4185 596 4211 r
612 4169 711 4221 noticie.

195 4242 312 4295 ¹Urben
330 4242 420 4293 sandte
439 4240 502 4292 tleld
522 4241 563 4291 liir
581 4242 631 4291 den
660 4237 880 4289 Venetianisclren
910 4235 1083 4289 llr'irlrerlraul.
1171 4233 1247 4285 lllie

128 4306 209 4363 Briefe
227 4311 333 4365 Urbana
351 4312 403 4363 und
423 4309 553 4377 Spalatius
571 4310 654 4376 t'olgen
675 4307 713 4359 als
732 4307 776 4358 Nr.
791 4306 831 4358 lt).
846 4309 886 4356 41.
926 4305 976 4356 lter
990 4304 1029 4357 Br.
1044 4304 1157 4355 llutians
1175 4303 1245 4354 lnlrlt.

128 4381 176 4432 und
203 4380 271 4434 doclr
302 4381 390 4432 wardo
412 4397 441 4432 er
463 4378 563 4431 sorrobl
591 4377 759 4444 geselrrieben
788 4375 826 4426 als¹
853 4375 919 4425 narb
949 4374 1089 4441 alagusandt
1117 4373 1169 4424 und
1198 4390 1246 4423 ron

127 4448 207 4503 Aldus
225 4450 403 4503 beautwortet.
441 4448 568 4517 (Spalatiu
588 4464 620 4498 an
641 4447 721 4497 Aldus
740 4445 780 4496 ¹25.
802 4445 869 4495 tlara
894 4445 964 4496 lala.
997 4442 1120 4495 ll'eiruar.
1149 4445 1246 4493 staats-

126 4520 234 4586 arcbiv.)
307 4522 441 4573 ”Aureus
479 4518 530 4569 Das
556 4515 677 4568 (teselnil't
703 4515 790 4565 warde
814 4519 900 4581 sptttcr
923 4529 970 4563 aris
989 4510 1156 4577 tielduraugel
1177 4509 1247 4560 niclrt

126 4588 280 4709 {pngesetzt
318 4588 405 4642 Urbau
428 4587 519 4640 sandle
543 4603 591 4637 nur
608 4588 623 4635 l
643 4585 681 4636 tJ'l.
702 4600 734 4636 an
761 4583 851 4635 Aldus.
941 4581 1020 4632 ‘Iler
1046 4578 1247 4646 tinorgcntlrater

145 4658 273 4712 obrleute.
