2774 4966
556 674 662 739 Mation
680 699 714 738 aa
732 674 831 738 Uiben.
893 746 906 773 0
1185 674 1246 749 397

130 846 231 922 Datur
253 856 326 921 XXI
350 878 405 941 pro
428 855 512 920 llor.¹
537 860 569 920 et
592 856 683 921 credo
714 855 821 920 taliter
843 858 894 919 est
915 875 1097 936 expensum.
1142 851 1253 929 Taceo,

132 944 216 1024 quod
242 944 333 1007 multi
357 943 474 1007 fuerint
497 947 580 1007 teste
595 941 734 1006 Rhodio²
752 943 871 1005 nummi
887 940 1031 1023 improbi.
1069 939 1111 1003 At
1126 941 1153 1002 si
1167 938 1255 1001 XXII

131 1033 310 1113 poposcerit
335 1029 498 1107 Henrious,
521 1028 719 1110 respondebo
751 1030 833 1092 votis
857 1027 949 1090 illius.
995 1025 1099 1088 Habes
1129 1026 1255 1090 addita-

132 1119 274 1179 mentum
298 1116 397 1179 annui
419 1115 548 1183 reditus,
572 1120 607 1177 ut
623 1136 751 1177 securus
766 1115 822 1177 fiat
840 1112 1085 1194 Engelmannus.
1122 1111 1256 1174 Remiait

132 1201 210 1265 mibi
224 1208 275 1263 Ira
292 1198 494 1280 aldosdtitlinp⁸
511 1206 542 1264 et
558 1201 645 1264 dedit
660 1200 700 1264 ad
717 1223 765 1263 me
781 1198 877 1264 Croto
894 1199 1048 1262 nomisma
1069 1201 1252 1278 argenteum

132 1287 216 1369 regis
246 1286 386 1368 Angliae.
434 1284 597 1367 Benignus
619 1291 668 1349 est
693 1285 806 1350 fautor.
851 1284 938 1348 Alias
966 1285 1085 1365 gratias
1112 1281 1252 1346 referam.

133 1371 354 1455 Syagrapbam
380 1371 491 1453 prioris
514 1372 707 1435 venditionis
730 1373 863 1436 remitte.
908 1369 976 1451 Ego
995 1369 1076 1433 dabo
1093 1369 1254 1433 canonicis

133 1460 211 1522 meis
234 1459 264 1521 fl.
287 1456 385 1520 XVIII
408 1477 463 1538 pro
487 1479 560 1520 casa
593 1479 692 1540 nuper
723 1462 816 1521 emta.
863 1455 940 1520 Post
969 1453 1087 1519 Christi
1118 1454 1253 1518 natalem

133 1544 194 1608 tibi
217 1544 423 1608 satisfaciam.
471 1542 602 1619 Quaero,
627 1565 666 1605 an
691 1543 753 1607 alia
776 1543 907 1607 debeam
931 1546 1054 1623 praeter
1076 1538 1255 1604 Hilarium.⁴

133 1630 211 1693 Item
236 1629 339 1710 relege
362 1650 514 1692 summam
540 1628 782 1710 Christophoro¹
807 1628 957 1703 debitam,
981 1632 1017 1690 ut
1039 1625 1077 1690 ad
1101 1625 1165 1691 Cal.
1182 1625 1253 1689 Jan.

134 1715 317 1798 persolvam.
370 1714 436 1789 Dic,
460 1736 535 1776 num
569 1719 605 1778 tu
638 1715 682 1778 sis
712 1716 816 1778 iturus
850 1714 889 1777 ad
923 1712 1051 1794 Lipsim.
1106 1710 1254 1776 Rufinus‘

134 1801 246 1865 scribit
268 1823 301 1865 se
324 1799 439 1863 babere
463 1822 613 1881 magnum
639 1800 812 1876 dominum,
836 1800 891 1880 qui
913 1798 1101 1862 cardinalem
1126 1799 1253 1862 fratrem

134 1886 251 1951 habeat
284 1887 400 1969 quique
430 1886 491 1948 sibi
521 1908 689 1950 mensurno
719 1891 858 1967 tempore
887 1885 940 1948 det
961 1905 1059 1947 unum
1082 1888 1119 1947 ut
1140 1887 1257 1948 vocant

134 1974 284 2037 ducatum
320 1993 415 2054 seque
449 1972 525 2035 dicit
553 1993 621 2035 esse
649 1973 851 2055 interpretem
886 1971 1099 2053 germanicum
1123 1974 1156 2033 et
1176 1971 1256 2034 scire

135 2060 240 2122 italice
263 2059 360 2141 loqui,
383 2059 500 2122 iturum
529 2078 656 2140 quoque
687 2057 830 2134 Romam,
853 2061 885 2119 et
907 2056 1036 2138 reliqua.
1081 2057 1148 2136 Ego
1182 2057 1255 2120 novi

137 2150 314 2227 protervum
351 2165 428 2219 esse,
463 2143 517 2206 sed
551 2145 679 2226 ingenio
701 2143 790 2207 vafro
823 2142 1009 2225 praeditum.
1059 2142 1109 2204 Dii
1143 2149 1254 2224 coepta

134 2232 317 2294 secundent.
364 2229 507 2292 Disertus
523 2233 571 2294 est
588 2230 734 2293 dominus
757 2229 841 2293 illius
864 2233 945 2293 teste
967 2225 1127 2310 epistola.²
1170 2227 1253 2293 Vale.

288 2330 349 2384 Cod.
368 2329 434 2383 Frol.
453 2329 511 2383 300.

135 2518 249 2588 (cotun.)
661 2502 732 2568 325.
973 2516 1059 2588 (uita
1077 2517 1138 2571 nez.
1158 2515 1254 2585 rurae)

507 2629 652 2700 Mutina
673 2649 722 2700 an
744 2627 884 2700 Urban.

135 2758 346 2827 (Einstrceiliper
364 2758 442 2811 Dant
458 2759 516 2812 aad
531 2760 608 2823 Bilta,
626 2760 676 2813 dea
691 2758 774 2895 Im
785 2757 888 2812 cardea
913 2756 1069 2811 Woardurar
1090 2756 1257 2826 &melorum

626 2845 662 2881 au
677 2845 708 2896 pe
756 2870 762 2880 .

507 2942 546 2994 Η.
564 2941 692 2994 Urbano
709 2944 754 2993 M.
771 2939 880 2994 Rufus.

238 3051 269 3115 S.
317 3053 551 3118 Humanissime
575 3058 697 3137 patrum
722 3058 754 3120 et
775 3056 947 3120 amicorum
975 3075 992 3117 o
1016 3053 1106 3117 time!
1150 3053 1255 3118 Matu-

137 3138 204 3202 tino
231 3139 407 3221 scripturus
429 3141 484 3203 vix
506 3144 555 3205 tot
577 3143 698 3225 repperi
714 3141 840 3206 chartas
856 3075 1084 3217 immaculbtas,
1099 3143 1136 3203 ut
1150 3139 1255 3204 officio

137 3245 210 3304 erga
235 3224 315 3288 bene
332 3231 486 3289 merentes
502 3228 718 3292 satisfecerim.
759 3227 805 3291 Ad
821 3232 854 3291 te
869 3227 966 3309 igitur
981 3225 1106 3290 infinita
1121 3227 1255 3290 scribam

135 3309 257 3374 afesto
290 3310 437 3374 Thomas.
483 3310 575 3377 Nunc
606 3313 699 3378 redde
729 3314 854 3395 magnis
884 3313 959 3376 viris
983 3311 1031 3375 vel
1052 3312 1107 3376 uni
1130 3316 1256 3376 tantum

136 3395 355 3477 Engelmauno
379 3396 544 3473 benefico,⁸
561 3400 614 3480 qui
632 3405 736 3465 cetera
758 3399 890 3478 curabit,
907 3398 1001 3463 hasce
1016 3397 1133 3462 literas.
1172 3398 1254 3462 l'ale.

289 3497 350 3550 Cod.
369 3497 434 3551 Frcl.
457 3499 511 3552 101.

137 3603 338 3611 ———

206 3656 213 3684 ¹
232 3652 262 3704 21
282 3651 475 3720 Schneeberger
493 3652 555 3705 oder
570 3651 688 3706 Bdhmen
706 3653 820 3707 bildeten
839 3654 915 3707 einen
934 3655 983 3719 Gt,
1002 3653 1127 3707 auweileu
1145 3654 1252 3707 wurden

137 3722 204 3774 auch
223 3722 256 3772 2‘2
274 3722 398 3788 rerlangt.
469 3725 479 3753 a
496 3720 521 3774 S.
540 3719 591 3773 389
609 3724 639 3774 A.
659 3725 683 3775 5.
754 3722 972 3792 ⁸Strarschilling
987 3723 1030 3776 fiir
1047 3724 1096 3776 den
1114 3722 1188 3775 nicht
1199 3723 1254 3776 cin·

136 3790 289 3859 gehaltoncn
315 3790 418 3842 Ter-min
438 3790 483 3843 dos
502 3789 707 3844 Kathrinziusos.
779 3791 864 3844 ‘Vou
882 3791 1028 3860 Campegus
1046 3793 1092 3845 auf
1106 3793 1153 3845 der
1168 3791 1255 3845 Messe

136 3859 247 3925 gelrauft.
276 3858 300 3911 S.
320 3859 370 3911 390
387 3861 417 3911 Α.
440 3861 478 3911 ll.
532 3857 671 3913 ⁶Sonleld.
698 3858 723 3912 S.
734 3860 785 3915 390
803 3863 833 3915 Α.
845 3861 884 3914 10.
936 3860 1123 3914 ⁶Benedictus
1134 3859 1254 3929 Rufinus,

135 3927 250 3981 Mutiens
275 3927 449 3995 laugjdhriger
471 3927 574 3993 Diener,
596 3929 643 3981 der
666 3928 731 3982 1512
754 3945 944 3999 weggegangen
967 3929 1021 3982 uud
1038 3929 1142 3998 rubtllig
1158 3929 1186 3982 in
1203 3931 1253 3983 deu

136 3997 230 4049 Dienet
247 3998 292 4048 des
311 3996 447 4048 ltalieners
474 3997 675 4065 Chrysestomus
700 3997 804 4066 galaugt
826 4014 887 4051 war.
923 3998 981 4067 Vgl.
1000 3997 1025 4053 S.
1044 3998 1095 4051 299
1112 4002 1142 4051 A.
1163 4001 1185 4051 1.

171 4065 180 4095 ²
199 4065 320 4117 Darnacb
340 4065 443 4117 scboint
461 4065 662 4132 chrysostomus
680 4081 770 4119 aanor
787 4067 847 4120 dem
864 4066 907 4122 Br.
927 4084 951 4123 v.
972 4068 1010 4122 19.
1029 4066 1082 4121 Mai
1099 4068 1166 4121 noch
1178 4066 1254 4120 einen

136 4136 243 4187 zweiten
269 4134 342 4185 nicht
359 4133 508 4186 erhulteuen
527 4150 560 4186 au
577 4133 611 4188 M.
631 4135 760 4204 geriobtet
783 4152 817 4189 zu
840 4136 933 4190 habea.
1004 4136 1133 4205 ⁸Wegen
1149 4136 1196 4189 des
1213 4153 1253 4189 or·

138 4204 256 4256 lasseneu
275 4202 498 4270 Strelscbillings?
535 4203 593 4270 Vgl.
611 4219 664 4258 ror.
683 4203 726 4258 Br.
761 4204 802 4257 Da
819 4204 856 4257 llu
875 4204 979 4257 elmann
997 4206 1065 4258 auch
1083 4209 1156 4257 sonet
1172 4221 1253 4274 gegen

136 4271 170 4326 bl.
189 4287 276 4341 grosso
295 4271 483 4324 Freundschast
502 4272 606 4337 hawise,
625 4288 654 4325 so
671 4273 705 4325 ist
723 4272 765 4325 die
783 4273 839 4326 Zeit
856 4221 902 4326 dee
920 4273 963 4328 Br.
982 4274 1111 4327 unsicber.

628 4550 794 4560 --..—-.--—
