2774 4966
418 39 1379 254 -

478 102 485 123 .

155 613 221 679 534
576 609 665 663 Briefe
683 608 729 662 des
746 609 771 663 J.
791 609 866 663 1515.

153 785 260 850 homo.
304 782 420 857 Habes,
437 780 630 862 amplissime
646 784 736 861 pater
752 781 785 841 et
802 778 928 842 domine
945 783 1062 857 noster,
1078 801 1293 862 papyraceum

152 869 340 945 Eobanum3
364 868 390 930 si
414 887 521 929 verum
547 866 687 947 aspicere
710 869 741 926 et
764 865 874 927 audire
898 866 1044 942 volueris,
1068 887 1132 929 non
1156 867 1292 930 errabis.

156 954 259 1036 Major
283 960 332 1016 est
355 953 442 1014 omni
466 950 595 1014 laudum
622 951 789 1030 praeconio
806 955 838 1012 et
854 951 1071 1030 dignissimus,
1087 973 1182 1034 quem
1200 957 1292 1016 tuum

152 1040 267 1116 facias3
305 1038 463 1100 meliorem
498 1042 573 1099 tuae
607 1036 726 1116 gloriae
760 1041 1013 1116 propagatorem,
1048 1037 1094 1098 ita
1129 1059 1180 1100 me
1211 1037 1292 1102 deus

155 1129 254 1200 amet,
276 1145 439 1203 nunquam
464 1122 582 1184 inveni.
628 1121 712 1192 Vale,
729 1124 872 1184 nostrum
889 1122 1092 1202 praesidium,
1106 1133 1121 1162 ⁸
1143 1123 1292 1206 princeps

157 1215 190 1274 et
213 1210 325 1291 legate.
373 1209 419 1270 Ex
444 1207 544 1269 Beata
576 1205 822 1287 Tranquillitate
855 1211 973 1270 nostra.
1020 1207 1112 1270 Anno
1146 1213 1291 1272 recenta-

154 1297 234 1360 toris
257 1293 376 1358 Christi
398 1292 525 1354 MDXV.

310 1394 372 1446 Cor,
391 1391 457 1444 Frcf.
476 1391 534 1443 463.

155 1559 272 1631 (solia.)
680 1542 753 1605 469.
1055 1559 1096 1613 eo.
1117 1559 1193 1612 narr.
1214 1561 1290 1615 1515.

492 1666 637 1736 Mutian
659 1686 708 1735 an
731 1666 951 1736 Hartmann.

234 1796 421 1866 (ll'r'edcrlrollc
440 1795 618 1863 Empselrlunp
636 1795 744 1847 notans
761 1812 798 1846 au
815 1795 888 1847 eirmr
906 1794 1032 1862 Ersrrrta
1048 1796 1212 1864 Proferam.)

253 1909 432 1960 Maecenati
449 1912 612 1968 poetarum
629 1908 827 1958 Hartmanno
845 1909 981 1968 principi
998 1910 1194 1961 serenmaimo

639 1994 683 2043 Μ.
701 1993 813 2043 Ratira.

261 2104 470 2169 Sacrosancte
493 2104 669 2180 Maecenas,
704 2105 812 2168 salvus
835 2106 888 2168 sis.
936 2105 1041 2170 Habes
1074 2107 1108 2171 in
1142 2106 1292 2172 clientela

159 2192 333 2257 maximum
358 2189 510 2271 poetam'
558 2190 640 2253 Huic
656 2189 775 2271 faveas,
791 2190 876 2254 hune
892 2195 982 2255 tuum
999 2191 1165 2272 Virgilium
1182 2192 1290 2258 dicito.

159 2277 297 2342 Tantum
336 2275 535 2339 Hartmanno
573 2276 750 2357 praestabit
794 2276 954 2352 Eobanus,
1000 2282 1156 2360 quantum
1201 2277 1292 2343 Maro

158 2363 336 2427 Maecenati
359 2382 417 2424 suo
440 2361 602 2443 praestitit
618 2361 648 2423 h.
673 2384 698 2424 e.
723 2363 1009 2426 immortalitatem.
1056 2362 1152 2428 Deest
1168 2362 1292 2428 homini
1338 2358 1342 2365 ’

158 2449 353 2532 stipendium
377 2452 517 2511 senatus.
564 2446 743 2529 Sophistae,
768 2447 823 2529 qui
848 2447 943 2511 talem
968 2469 1156 2529 praeconem
1173 2472 1292 2533 magno

157 2557 260 2599 emere
294 2532 455 2608 deberent,
480 2533 567 2596 nullo
591 2532 746 2597 hactenus
780 2532 896 2596 salario
931 2534 1054 2615 dignati
1086 2541 1172 2600 sunt.
1220 2536 1293 2599 Per-

157 2620 291 2685 suadeat
330 2624 386 2681 tua
423 2617 552 2681 claritas
586 2619 748 2698 magistris
784 2623 815 2681 et
849 2620 1062 2697 senatoribus,
1095 2626 1131 2684 ut
1164 2643 1293 2685 annona

157 2706 335 2771 sublevent.
382 2702 463 2767 Nam
497 2704 559 2767 nisi
591 2705 683 2767 uxori
713 2703 855 2784 jugoque
889 2705 1025 2768 maritali
1060 2707 1202 2784 serviret,
1236 2712 1294 2771 tua

158 2790 267 2875 procul
302 2788 399 2853 dubio
437 2790 656 2852 munificentia
691 2789 882 2852 cardinalem
918 2795 1037 2854 crearet
1060 2797 1093 2855 et
1115 2789 1212 2856 Croto
1236 2793 1292 2857 ad-

155 2878 313 2960 jungeret.
360 2874 442 2951 Quid
460 2876 559 2956 plura,
576 2874 759 2939 doctissime
783 2875 928 2957 princeps
938 2879 953 2938 ἱ)
998 2875 1167 2943 Eobanum
1190 2879 1292 2942 retine

159 2967 192 3028 at
214 2962 429 3026 valetudinem
454 2984 537 3037 cura,
556 2965 746 3025 nontamen
770 2961 1017 3044 Hieronymiano
1040 2963 1190 3041 remedio,
1205 2965 1292 3047 quod

158 3049 293 3112 relatum
327 3052 376 3110 est
398 3048 430 3109 in
463 3047 605 3110 Decretis
641 3047 894 3129 pontificalibus:
933 3046 1101 3129 „Legimus
1134 3050 1291 3131 quosdam

159 3134 272 3199 morbo
295 3133 459 3196 articulari
482 3138 514 3195 et
537 3133 694 3214 podagrae
717 3130 903 3196 humoribus
927 3132 1109 3198 laborantes
1133 3137 1293 3219 proscrip-

158 3221 247 3285 tione
287 3218 441 3282 bonorum
480 3218 520 3281 ad
558 3218 731 3299 simplicem
771 3240 912 3280 mensam
950 3225 981 3281 et
1013 3241 1169 3303 pauperes
1203 3220 1293 3286 cibos

158 3306 305 3369 redactos
343 3302 590 3367 corrvaluisse.“²
648 3302 784 3385 Scripsit
822 3303 899 3366 haec
936 3307 1048 3368 contra
1084 3306 1292 3370 Jovinianum

161 3391 372 3472 Hieronymus
396 3411 462 3470 cap.
487 3389 662 3466 xxxiiii,
681 3388 736 3450 sed
758 3389 844 3453 lulio
868 3390 1010 3471 pontifici
1029 3413 1092 3454 non
1110 3393 1291 3473 placebant,

162 3482 274 3560 utpote
296 3476 352 3556 qui
374 3476 561 3538 temulentia
586 3476 740 3537 continua
763 3475 877 3555 pedum
903 3475 1026 3539 dolores
1049 3477 1095 3541 ita
1117 3478 1291 3577 superavit,

160 3567 197 3627 ut
220 3584 283 3627 non
308 3562 448 3625 sentiret.
495 3560 579 3624 Vale.
624 3560 690 3623 llll.
716 3559 784 3623 Kal.
810 3560 882 3641 Apr.
907 3559 1032 3624 MDXV.

314 3661 376 3715 Cod.
394 3660 461 3713 Frcl.
480 3661 539 3715 464.

160 3833 278 3902 (corna.)
687 3816 760 3878 iio
1036 3832 1076 3886 ao.
1095 3832 1171 3887 aar
1192 3835 1292 3905 (1515).

495 3941 639 4010 llutian
662 3961 710 4010 an
733 3941 952 4011 Hartmann.

160 4069 312 4134 (Frommcr
346 4069 460 4122 ll'rnrscla
483 4072 530 4136 fiir
553 4074 601 4124 iltis
628 4071 754 4138 Gclr'rrpcn
775 4071 820 4121 der
845 4070 1088 4123 Frr'crlcusmissr'on
1115 4070 1295 4125 Hortnrrtmrs.

160 4139 231 4191 Birra
249 4156 294 4190 nna
315 4138 436 4205 Ber'lrr'rlfe
453 4156 504 4191 aar
520 4139 746 4205 Resclrlcuur'pnnp
763 4139 808 4190 cler
825 4139 1007 4204 schru'sllr'clrca
1026 4138 1219 4207 Azmscrtr'qrmo
1232 4141 1297 4193 r'r'ber

160 4206 270 4260 diaron
289 4207 425 4273 Eitclrcols
439 4225 495 4260 rom
516 4209 589 4261 Stcr'rr
608 4208 739 4261 crbeterrca
763 4207 922 4273 Brarcfirrcu,
947 4208 1025 4259 sorcr'e
1044 4225 1091 4259 arnt
1108 4210 1180 4261 scine
1208 4210 1297 4262 (serrat

540 4295 593 4329 aar
611 4277 769 4343 Erlonpunp
786 4277 915 4332 crebrer.)

160 4366 364 4374 ——n————

199 4467 206 4496 ¹
225 4395 596 4533 briiclililieTiiianlgilicndo
614 4465 798 4533 Enrplehluug,
835 4465 884 4518 Die
898 4466 996 4533 jetzige
1010 4465 1058 4533 gili
1069 4464 1141 4517 einer
1159 4464 1299 4519 Professur

153 4533 183 4585 1'n
201 4532 300 4588 linuit.
375 4534 505 4588 'Deerat
525 4534 571 4589 lll.
593 4535 629 4588 Dc
648 4550 763 4588 consecr.
782 4535 841 4588 dist.
862 4534 894 4600 V,
914 4535 955 4600 30,
975 4534 1044 4587 Citat
1056 4549 1104 4587 aus
1114 4532 1186 4588 Hier.
1201 4551 1224 4587 c.
1237 4533 1298 4590 lov.

140 4601 159 4658 Ι,
181 4601 218 4657 ΙΙ,
263 4604 318 4677 Vgl.
340 4605 464 4663 desselbe
484 4606 555 4664 Citat
573 4605 601 4663 S.
619 4606 672 4662 iti
692 4607 723 4660 t.
739 4605 767 4660 2.
